4040 5954
905 563 986 625 1249

355 767 451 850 1246
862 767 941 844 VII.
972 768 1007 845 C.
1035 769 1070 843 3.

250 910 358 973 chart.
381 927 469 972 socc.
492 907 748 988 XV-XVIsf.
772 909 846 984 172,
872 910 915 972 29
931 910 1015 972 ><21
1041 927 1104 972 cm.
1127 911 1148 971 2
1170 929 1215 972 m.

717 1031 936 1094 Breviarium
959 1048 1076 1093 carens
1100 1035 1198 1093 initi0.

354 1157 387 1212 In
410 1157 548 1228 operculo
579 1172 673 1228 super.
709 1157 884 1212 intrinsecus
916 1163 1075 1212 annotatus
1098 1163 1143 1212 est
1165 1174 1191 1215 a.
1220 1157 1310 1229 1525,
1344 1173 1402 1228 quo
1425 1172 1504 1213 anno
1528 1159 1650 1214 tortasse

249 1243 463 1386 lflfieegmlliegastltgs
498 1251 551 1299 est.
582 1243 618 1306 A,
655 1244 734 1299 1609
766 1246 860 1299 codex
891 1250 951 1299 erat
981 1244 1052 1299 bibl.
1083 1243 1324 1315 Rosenbergicae,
1356 1261 1381 1302 a.
1418 1242 1498 1302 1718
1523 1253 1649 1303 monast.

358 1433 455 1561 1247
830 1480 912 1556 Vll.
943 1479 981 1555 c.
1017 1479 1051 1554 a.

250 1620 359 1682 chart.
390 1637 477 1682 saec.
508 1617 706 1682 XIV-XV
715 1618 765 1700 fs.
788 1618 861 1692 244,
884 1619 928 1682 30
942 1620 1031 1696 ><21
1057 1637 1119 1682 cm.
1144 1620 1174 1681 d.
1199 1637 1244 1683 m.

360 1741 378 1802 1.
408 1737 440 1802 lb
463 1739 591 1802 Tabula
621 1743 804 1803 mortalium
841 1746 1047 1818 peccatorum
1079 1757 1156 1803 cum
1187 1743 1447 1819 interpretatione
1479 1742 1652 1804 bohemica

252 1827 433 1906 (Sedmero
455 1819 579 1890 hir'chir
602 1822 819 1905 smrtelny'ch
842 1843 860 1888 s
878 1827 984 1906 jejich
1008 1819 1271 1904 rozvetvenim).
1664 1903 1668 1911 Ι

359 1913 379 1975 1.
403 1911 544 1976 22—601’
575 1913 753 1993 (Guilelmi
782 1913 933 1991 Peraldi)
964 1914 1107 1977 Summa
1136 1913 1316 1975 virtutum.
1352 1916 1435 1987 (Post
1465 1919 1619 1990 registrum
1629 1919 1651 1992 ε)

255 1998 308 2061 »Si
332 2005 536 2079 separaveris
559 2005 746 2080 preciosum
770 2018 791 2060 a
812 2002 884 2060 vili«
914 2002 951 2078 ><
978 2005 1052 2080 »qui
1076 2001 1215 2080 legitime
1238 2005 1417 2062 vixerunt«

360 2086 381 2148 1.
405 2085 464 2147 611
487 2085 681 2167 Superstitio
704 2086 889 2149 inveniendi
912 2085 993 2148 iuris
1017 2092 1048 2148 ei
1072 2086 1153 2148 furti.

360 2174 379 2234 1.
404 2171 588 2236 621-12811
600 2173 796 2252 (Eiusdem)
825 2173 989 2236 »Summa
1010 2173 1183 2235 viciorum
1206 2172 1297 2234 dom.
1319 2172 1455 2235 Nicolai
1476 2174 1518 2235 de
1540 2173 1648 2236 Med'«

251 2263 336 2334 (sic).
364 2259 506 2322 ›Dicturi
530 2262 570 2321 de
595 2263 731 2340 singulis
762 2264 871 2320 viciis«
901 2263 939 2338 ><
968 2265 1092 2320 »tacere
1115 2276 1193 2319 vero
1216 2276 1397 2339 nunquam.
1422 2259 1492 2322 Deo
1515 2265 1642 2339 gracias

253 2345 391 2425 Explicit
413 2349 519 2408 liban«

361 2433 380 2494 1.
410 2433 518 2494 1291-
535 2434 610 2494 1521
634 2432 871 2495 auctoritates
901 2431 1118 2511 theologicae
1141 2431 1310 2494 diversae.
1343 2431 1448 2493 Prima
1470 2433 1510 2492 de
1534 2433 1565 2493 b.
1588 2437 1651 2494 vir·

250 2523 333 2598 gine,
357 2524 469 2580 ultima
492 2522 532 2581 de
556 2524 765 2600 perversione
791 2521 829 2597 ><
858 2520 1106 2599 »turpitudinem
1130 2523 1212 2579 eius.
1236 2517 1277 2579 Et
1300 2523 1347 2579 sic
1371 2525 1421 2580 est
1444 2518 1518 2580 finis
1535 2519 1650 2580 harum

250 2611 486 2667 autoritatum«

358 2693 378 2754 1.
407 2693 608 2755 1521-1611
643 2692 813 2770 Exempla
846 2693 888 2754 de
911 2692 1021 2754 variis
1047 2691 1212 2768 materiis
1236 2695 1420 2770 incipientia
1445 2691 1595 2770 »Legitur
1616 2697 1650 2753 in

251 2779 350 2840 libro«
376 2780 431 2854 (cf.
455 2781 528 2841 cod.
553 2779 603 2842 Vl.
628 2780 666 2841 E.
693 2781 742 2844 10.
766 2779 785 2839 1.
816 2778 893 2854 100)

357 2865 377 2928 1.
407 2864 607 2929 idib-198b
631 2866 818 2929 Sermones
842 2865 1160 2944 quadragesimales
1183 2882 1289 2944 super
1312 2863 1498 2942 evangelia.
1548 2863 1650 2927 »Cum

250 2955 418 3013 ieiunatis«
447 2958 487 3026 ><
515 2959 600 3014 »toto
625 2954 723 3014 corde
748 2955 1061 3031 compaciebantur.«

357 3039 377 3101 1.
407 3036 609 3102 1981-2441
636 3039 767 3118 »incipit
799 3040 886 3100 aliud
911 3040 1201 3118 quadragesimale.
1226 3039 1304 3100 Filia
1326 3039 1435 3118 populi
1459 3041 1521 3098 mei
1545 3043 1651 3099 accin-

249 3142 324 3202 gere
348 3130 469 3189 cilicio«
498 3130 535 3203 ><
560 3127 670 3204 (sermo
702 3145 789 3201 super
827 3129 887 3184 »Tu
918 3131 1000 3185 solus
1035 3131 1203 3200 peregrinus
1235 3145 1267 3184 es
1301 3131 1332 3184 in
1355 3123 1550 3202 Jerusalem«)
1580 3129 1651 3205 »qui

250 3213 426 3290 diligebant
450 3231 521 3275 me«
547 3214 636 3287 (finis
661 3214 776 3286 deest).

359 3317 463 3395 (Sunt
483 3316 607 3379 Jacobi
632 3318 674 3378 de
697 3315 872 3395 Voragine
895 3317 1084 3378 Sermones
1108 3315 1452 3394 quadragesimales.)

357 3539 455 3622 1248
835 3539 915 3615 VII.
945 3537 980 3614 C.
1006 3539 1043 3614 5.

249 3682 358 3746 chart.
379 3698 466 3744 saec.
490 3679 558 3742 XV
579 3697 625 3741 ax.
641 3677 691 3758 ff.
713 3679 788 3754 215,
809 3679 950 3742 29)(21
976 3696 1039 3740 cm.
1063 3679 1081 3740 1
1107 3698 1151 3740 m.

406 3801 574 3865 Gordonii
600 3801 653 3880 (:
670 3801 837 3863 Bemardi
861 3802 902 3862 de
926 3799 1119 3878 Gordonio)
1143 3799 1270 3861 Lilium
1295 3799 1493 3861 medicinae.

358 3923 378 3986 1,
408 3930 441 3985 11
478 3925 716 4001 »Interrogatus
747 3941 767 3982 a
801 3923 946 4002 quodam
986 3919 1140 3983 Socrates
1174 3973 1179 3983 .
1206 3972 1211 3982 .
1239 3971 1244 3982 .
1279 3919 1455 3982 inchoatus
1490 3927 1540 3982 est
1576 3923 1654 3982 iiber

249 4016 309 4072 iste
328 4057 336 4074 .
357 4061 362 4072 .
384 4059 390 4070 .
409 4016 440 4072 in
465 4013 573 4072 studio
597 4011 722 4072 Montis
746 4009 915 4071 Pessulani
935 4057 967 4069 ..
993 4027 1020 4070 a.
1052 4007 1149 4070 1303«
1180 4011 1215 4082 ><
1240 4006 1262 4068 1.
1289 4007 1370 4070 2451
1396 4015 1446 4069 »et
1469 4009 1594 4069 libellus
1612 4009 1653 4068 de

248 4099 404 4177 gradibus
428 4105 575 4178 quatuor.
600 4097 693 4176 Expl.
718 4102 861 4176 practica
884 4113 947 4174 que
970 4097 1069 4157 lilium
1093 4096 1253 4156 medicine
1279 4096 1411 4156 dicitur«
1434 4140 1496 4157 ...

353 4208 399 4262 Ad
424 4209 534 4262 calcem
557 4206 576 4262 1.
606 4209 654 4264 11ε
692 4205 820 4261 »Domus
851 4205 1000 4276 professae
1032 4204 1061 4260 S.
1086 4201 1111 4260 J.
1136 4205 1173 4258 ad
1197 4201 1226 4258 S.
1251 4201 1407 4258 Nicolaum
1429 4201 1537 4273 Pragae
1561 4203 1649 4258 catal.

249 4296 439 4366 inscriptus«.

354 4443 449 4525 1249
850 4441 928 4517 Vll.
960 4440 994 4516 C.
1024 4443 1058 4516 ὅ.

249 4586 356 4647 ciart.
381 4603 467 4646 socc.
493 4582 561 4646 XV
571 4583 619 4663 ff.
645 4585 719 4661 295,
741 4583 890 4660 30><21
917 4601 980 4643 cin.
1005 4584 1036 4643 ι1.
1061 4599 1104 4641 m.

353 4707 371 4768 1.
401 4707 515 4768 11-61
539 4707 725 4784 Speculum
749 4711 945 4766 amatorum
969 4700 1152 4778 mundi(:
1168 4698 1481 4760 SermoHenricide
1497 4698 1651 4777 Hassia).

353 4795 373 4856 1.
396 4791 535 4854 61-171
558 4791 750 4871 (Dominioi
766 4789 992 4869 Capranicae)
1008 4787 1190 4850 Tractatus
1207 4791 1248 4848 de
1266 4793 1338 4848 arte
1352 4785 1530 4847 moriendi.
1549 4785 1650 4847 »Cum

249 4882 290 4942 de
314 4885 475 4959 presentis
499 4882 583 4942 exilii
607 4883 756 4940 miseria«
784 4879 824 4956 ><
851 4883 985 4939 »contra
1007 4878 1123 4937 hostes
1146 4881 1221 4935 tuos
1245 4883 1277 4934 et
1300 4889 1424 4933 meos«

352 4968 373 5030 1.
401 4963 558 5030 lib-19b
582 4966 696 5028 Casus
720 4964 882 5028 concessi
904 4969 1062 5041 tempore
1078 4961 1250 5040 generalis
1266 4958 1442 5021 interdicti
1457 4961 1653 5022 secundum

248 5056 446 5119 iohannem
468 5054 628 5116 Andreae
652 5058 687 5115 et
708 5053 810 5115 alios.

925 5275 976 5324 aaa
1499 5242 1538 5296 ³¹'
