4046 5972
358 572 392 624 vl

361 787 462 862 tisper
483 785 578 843 novis
601 781 753 841 librorum
778 780 874 841 donis
899 780 1069 859 suppletus
1092 784 1125 842 in
1149 781 1343 842 bibliotheca
1373 785 1500 842 musaei
1533 785 1623 859 regni
1653 779 1758 841 Bohe·

361 889 455 958 miae,
491 902 589 964 quem
612 885 716 962 primo
738 882 855 946 Wenc.
881 883 1001 946 Hanka
1024 885 1142 963 publici
1165 885 1244 946 iuris
1276 879 1389 962 iecit⁷),
1420 889 1587 963 postremo
1619 882 1757 945 Hanslik

361 993 450 1069 operi
474 1004 536 1050 suo
559 996 604 1067 tp.
632 987 770 1064 18-22)
794 991 938 1060 inseruit,
962 988 995 1050 in
1018 1003 1094 1068 qu0,
1117 995 1154 1050 ut
1168 989 1218 1051 ille
1240 989 1452 1067 computavit,
1479 987 1550 1062 192,
1574 987 1758 1048 secundum

361 1092 522 1155 Hanslikii
546 1096 824 1171 computationem
848 1091 912 1155 204
935 1093 1067 1155 codices
1101 1095 1224 1167 (certus
1255 1096 1341 1154 enlm
1372 1109 1530 1155 numerus
1563 1095 1661 1153 statui
1692 1107 1758 1152 non

361 1203 470 1275 potest
493 1202 623 1276 propter
645 1212 783 1257 mancos
805 1201 951 1257 veterum
968 1197 1190 1274 catalogorum
1207 1195 1331 1276 titulos)
1347 1200 1587 1268 enumerantur,
1604 1212 1622 1256 e
1639 1196 1758 1274 quibus

361 1301 404 1361 42
442 1303 605 1378 posterius
638 1299 740 1360 additi
774 1305 860 1372 sunt,
902 1301 1000 1361 ceteri
1038 1303 1141 1378 prima
1178 1315 1279 1361 manu
1316 1300 1461 1378 inscripti
1495 1300 1759 1378 antiquissimam

361 1403 487 1482 collegli
517 1400 658 1465 Carolini
690 1403 842 1464 librorum
877 1404 1007 1481 copiam
1041 1409 1294 1483 repraesentant.
1341 1402 1534 1482 Catalogum
1569 1404 1657 1464 hunc
1692 1420 1758 1464 non

362 1524 438 1569 esse
462 1511 621 1585 integrum
645 1505 782 1568 Hanslik
817 1508 849 1579 (l.
873 1524 902 1568 e.
926 1507 992 1582 22),
1027 1505 1109 1568 Rud.
1143 1502 1315 1580 Wolkan⁸t
1350 1508 1467 1568 eodem
1503 1523 1568 1569 non
1603 1511 1758 1568 contineri

362 1613 460 1673 libros
483 1611 648 1672 Wilhelmi
684 1611 799 1672 decani
823 1611 1049 1688 opinabantur.
1086 1610 1178 1690 Quas
1204 1616 1376 1690 opiniones
1398 1610 1500 1672 falsas
1523 1627 1599 1672 esse
1623 1612 1758 1674 demon·

363 1724 464 1776 strare
487 1715 662 1776 studebam
686 1715 914 1793 disquisitione
938 1715 1111 1776 bohemica
1147 1714 1239 1776 ›Dva
1263 1713 1348 1776 stare
1371 1716 1526 1794 katalogy
1549 1715 1627 1776 knih
1651 1714 1759 1793 koileji

364 1812 602 1897 Praiskych«⁹)
634 1818 804 1896 probando
838 1823 976 1896 primum
1010 1822 1194 1898 catalogum
1231 1837 1298 1881 non
1332 1837 1408 1880 esse
1442 1825 1603 1890 truncum,
1640 1835 1759 1898 nempe

361 1927 412 1985 cui
436 1923 542 1984 codex
565 1922 728 1983 Plinianus
752 1921 795 2000 (n.
821 1923 919 1997 2425)
942 1941 982 1984 ne
1006 1925 1136 1984 inscribi
1166 1924 1296 2002 quidem
1321 1924 1492 2002 potuisset,
1523 1924 1651 1994 deinde,
1683 1939 1758 1985 cum

362 2031 599 2106 manutprima
633 2026 808 2104 inscriptus
842 2033 933 2088 esset
966 2027 1072 2088 codex
1097 2026 1191 2100 2350,
1226 2032 1280 2107 qui
1314 2045 1356 2088 ex
1379 2027 1573 2088 bibliotheca
1595 2027 1759 2092 Wilhelmi

362 2132 477 2192 decani
502 2131 672 2193 manifeste
696 2135 853 2210 provenit,
877 2132 1061 2209 catalogum
1084 2135 1227 2210 acceptis
1251 2133 1385 2193 demum
1408 2133 1555 2193 eiusdem
1579 2132 1666 2193 libris
1682 2149 1758 2192 esse

360 2239 592 2314 conscriptum.
630 2235 680 2298 Ex
704 2236 898 2297 bibliotheca
930 2237 1055 2313 collegii
1078 2233 1219 2297 Carolini
1254 2239 1364 2314 utique
1388 2238 1479 2296 multi
1502 2237 1634 2296 codices
1658 2239 1759 2297 nostri

361 2345 588 2416 provenerunt,
613 2356 697 2417 quos
714 2347 822 2400 tamen
846 2355 1036 2400 enumerare
1053 2338 1181 2400 difficile
1198 2345 1258 2412 est,
1282 2356 1358 2401 cum
1379 2357 1499 2418 magna
1515 2357 1590 2419 pars
1607 2341 1758 2400 librorum

361 2443 624 2520 inscriptionibus
647 2449 764 2520 careat,
789 2450 821 2505 et
844 2447 1028 2521 signaturae
1050 2449 1188 2515 veteres,
1213 2460 1297 2522 quae
1314 2449 1500 2522 supersunt,
1524 2448 1619 2504 cuius
1635 2445 1758 2522 collegii

360 2544 439 2605 liber
461 2546 536 2605 olim
560 2545 663 2617 tuerit,
687 2563 759 2606 raro
783 2548 1016 2608 demonstrent.
1040 2545 1124 2608 Tres
1147 2553 1272 2608 tantum
1296 2548 1426 2608 codices
1449 2547 1537 2621 (409,
1561 2547 1634 2620 470,
1659 2547 1758 2618 2299)

360 2648 525 2709 veteribus
547 2649 671 2726 collegii
694 2648 833 2712 Carolini
857 2655 1031 2729 signaturis
1055 2651 1233 2711 hodiedum
1257 2655 1433 2713 instructos
1449 2653 1759 2714 commemorandos

359 2767 490 2826 censen,
525 2769 610 2832 quos
634 2771 675 2815 ex
699 2754 891 2816 bibliotheca
914 2753 946 2816 S.
971 2754 996 2814 J.
1022 2753 1225 2817 Clementina
1257 2756 1455 2817 obtinuimus
1489 2758 1616 2829 (tertius
1639 2760 1702 2816 iam
1726 2759 1758 2816 in

359 2860 508 2936 catalogo
541 2862 836 2939 antiquissimo-
859 2859 996 2921 Hanslik
1031 2858 1068 2921 19
1092 2893 1133 2904 -
1157 2862 1318 2939 occurrit),
1353 2867 1480 2922 ceteros
1514 2859 1614 2921 index
1647 2865 1760 2920 noster

360 2962 423 3020 sub
446 2979 528 3024 voce
555 2964 744 3041 »collegium
768 2960 892 3024 Caroli«
918 2964 1163 3026 demonstrabit.
1211 2963 1260 3026 De
1284 2965 1519 3044 posterioribus
1543 2964 1758 3024 bibliothecae

359 3065 457 3127 huius
492 3067 615 3146 collegii
648 3067 722 3130 latis
746 3075 871 3146 praeter
893 3068 934 3140 id,
970 3069 1059 3147 quod
1081 3067 1220 3130 Hanslik
1248 3069 1375 3148 profert.
1410 3067 1452 3128 nil
1476 3071 1678 3146 compertum
1702 3069 1758 3128 ha-

359 3168 485 3230 bemus.

467 3308 572 3370 Etiam
595 3309 636 3370 de
660 3309 861 3370 bibliothecis
884 3312 1008 3389 collegii
1031 3318 1259 3390 magistrorum
1284 3316 1428 3374 caesarei
1444 3317 1476 3372 et
1490 3313 1626 3390 angelici
1643 3328 1757 3389 parum

361 3417 535 3474 memoriae
559 3413 721 3491 proditum
742 3410 852 3486 est;¹⁰)
876 3416 907 3475 id
932 3417 1038 3477 solum
1070 3425 1148 3477 noto
1172 3433 1213 3478 ex
1236 3417 1430 3477 bibliotheca
1453 3417 1576 3493 collegii
1601 3414 1757 3477 Omnium

361 3515 566 3590 Sanctorum,
590 3521 709 3596 quippe
733 3519 821 3595 quod
845 3521 1077 3581 catholicorum
1095 3527 1209 3604 partes
1234 3527 1383 3582 secutum
1407 3537 1575 3601 nunquam
1599 3521 1756 3581 abolitum

360 3627 458 3694 esset,
482 3621 589 3682 nullos
613 3622 745 3682 codices
768 3623 864 3683 nobis
887 3623 1052 3702 obtigisse.

467 3761 709 3822 Accedentibus
732 3761 774 3821 ad
798 3761 993 3824 scholarium
1025 3765 1168 3842 collegia,
1204 3781 1288 3843 quae
1320 3765 1428 3824 itidem
1462 3767 1531 3823 suis
1555 3763 1758 3825 bibliothecis

357 3865 555 3941 gaudebant,
590 3869 728 3943 primum
764 3871 902 3927 occurrit
936 3868 1106 3946 collegium
1129 3865 1277 3928 Nationis
1312 3869 1513 3940 bohemicae,
1550 3868 1638 3946 quod
1670 3867 1758 3928 libris

360 3984 445 4028 saec.
482 3967 542 4028 XV
565 3985 641 4046 prae
672 3973 787 4030 ceteris
813 3971 941 4031 videtur
973 3971 1171 4032 abundasse.
1212 3969 1315 4032 Situm
1350 3979 1418 4032 erat
1440 3975 1472 4032 in
1497 3971 1567 4032 loro
1601 3977 1757 4049 pomario,

360 4071 449 4150 quod
471 4087 558 4132 nunc
575 4073 699 4140 dicitur.
722 4074 891 4135 adiacente
908 4075 950 4136 ab
965 4092 994 4135 a.
1016 4074 1097 4135 1413
1121 4076 1255 4154 collegio
1273 4074 1429 4155 Hedvigis
1446 4081 1584 4155 reginae.
1610 4075 1757 4154 Quorum

358 4176 575 4254 collegiorum,
600 4181 636 4236 ut
657 4182 749 4238 erant
770 4181 876 4238 vicina
891 4187 924 4239 et
939 4182 1080 4239 maxime
1104 4178 1249 4254 finitima,
1274 4183 1410 4258 catalogi
1428 4197 1558 4260 quoque
1584 4197 1669 4241 saec.
1698 4179 1757 4240 ΧΥ

361 4295 428 4340 uno
451 4281 530 4340 libro
554 4285 696 4342 contenti
720 4289 897 4359 supersunt
919 4289 951 4344 et
973 4283 1069 4343 hodie
1093 4287 1125 4344 in
1150 4283 1343 4346 bibliotheca
1374 4286 1578 4345 illustrissimi
1603 4287 1757 4362 principis

358 4381 450 4444 Ferd.
474 4383 660 4446 Zdenconis
683 4385 724 4446 de
749 4384 948 4448 loblrowicz
972 4386 1169 4449 Rudnicensi
1193 4387 1243 4450 Vl.
1262 4388 1297 4450 E.
1315 4388 1373 4450 i.8
1397 4392 1514 4466 signati
1536 4397 1757 4450 asservantur.

472 4621 500 4699 7)
523 4629 771 4702 Verbandlungen
795 4635 845 4687 der
868 4632 935 4704 Ges.
960 4636 987 4690 d.
1014 4634 1114 4691 vaterl.
1139 4633 1216 4692 llius.
1244 4636 1325 4691 1840
1348 4652 1376 4706 p.
1402 4636 1538 4694 ort-to.

472 4727 499 4803 ⁸)
523 4734 630 4794 Gesch.
656 4738 685 4793 d.
710 4737 871 4792 deutschen
894 4736 1048 4794 Litteratur
1070 4735 1099 4792 in
1122 4737 1254 4793 Biihmen
1276 4755 1305 4809 p.
1331 4738 1380 4796 59.

472 4829 499 4909 9)
523 4833 647 4896 vesuta
670 4822 702 4898 o.
729 4839 765 4896 A.
793 4841 873 4897 1904
897 4859 925 4912 p.
951 4841 1108 4900 ort-105.

459 4934 496 5014 ¹⁰)
520 4943 553 4999 In
577 4943 700 5014 collegio
734 4944 867 5013 angelico
903 4960 929 5000 a.
958 4943 1037 5000 1603
1073 4943 1256 5003 habebantur
1280 4949 1340 5005 226
1365 4950 1492 5018 codices,
1526 4951 1561 5006 51
1590 4951 1761 5016 membran,

362 5029 420 5086 175
445 5032 536 5086 chart.
560 5030 612 5101 (ci.
637 5025 749 5100 Hanub,
774 5029 997 5102 Quellenkunde
1020 5047 1048 5102 p.
1074 5032 1136 5099 21).
