4046 5972
355 555 411 608 VIII

355 767 492 826 civitatis
516 764 707 843 Pragensis‹
733 759 932 844 spectant12),
954 765 1044 826 nullo
1067 765 1167 826 modo
1184 764 1288 842 colligi
1312 769 1421 843 potest
1435 768 1468 825 in
1483 765 1633 842 catalogo
1649 768 1753 843 priore

354 871 529 947 inscriptos
552 885 627 930 esse
651 868 750 929 libros
773 869 922 930 eiusdem
945 869 1091 947 collegii;
1121 885 1198 929 nam
1228 868 1399 946 collegium
1423 863 1587 929 Reckonis
1617 868 1753 929 domum

355 973 512 1033 ecclcsiae
536 990 563 1034 s.
587 970 743 1051 Stephani
777 975 916 1032 vicinam
947 976 980 1033 in
1010 973 1116 1051 platea
1146 989 1173 1032 s.
1207 970 1448 1034 Bartholomaei
1477 972 1686 1046 inhabItabat,
1720 975 1753 1033 in

355 1093 429 1156 qua,
452 1081 488 1137 ut
511 1077 607 1137 docet
629 1075 695 1139 Lib.
720 1077 790 1137 dec,
814 1077 848 1148 ll,
872 1075 946 1150 384,
971 1072 1196 1137 Redlronidum
1220 1091 1351 1154 quoquc
1371 1077 1497 1136 libraria
1511 1076 1752 1140 asservabatur.

355 1179 460 1242 Etiam
484 1197 526 1241 ex
548 1181 612 1241 hoc
634 1181 770 1259 collegio
793 1180 942 1242 nonnulli
964 1180 1096 1242 codices
1119 1178 1162 1239 ad
1185 1195 1248 1240 nos
1272 1186 1498 1258 pervenerunt,
1534 1196 1620 1260 quos
1643 1195 1686 1240 ex
1707 1183 1755 1240 in-

355 1281 426 1345 dice
442 1282 534 1344 lacile
550 1288 718 1357 invenies;
742 1284 802 1344 sed
818 1298 932 1344 eorum
956 1287 1111 1362 antiquus
1133 1283 1302 1362 catalogus
1325 1298 1392 1344 non
1415 1288 1533 1344 exstat.
1556 1282 1646 1344 Idem
1668 1284 1756 1344 valet

354 1388 395 1450 dc
418 1388 554 1466 collegio
577 1387 709 1449 Laudae
731 1388 783 1449 vel
805 1388 1041 1466 apostolorum,
1071 1403 1100 1447 a.
1129 1386 1206 1448 1451
1233 1389 1379 1448 instituto
1402 1392 1434 1446 et
1456 1403 1577 1465 magna
1600 1387 1753 1449 librorum

354 1497 449 1572 copia
471 1495 581 1566 ditatu,
604 1493 691 1554 idem
715 1493 756 1553 de
779 1494 922 1572 collegiis
946 1492 1143 1552 scholarium
1167 1491 1348 1552 minoribus
1371 1489 1624 1567 (Nazarethan0,
1648 1491 1754 1552 Betle·

353 1597 515 1672 hemitico‚
539 1596 639 1658 domo
664 1595 867 1676 pauperum),
891 1613 1030 1678 quorum
1053 1599 1313 1675 uniuscuiusque
1332 1596 1402 1658 libri
1418 1599 1451 1656 in
1466 1597 1616 1676 catalogo
1639 1601 1753 1657 nostro

354 1700 537 1762 secundum
560 1701 700 1761 indicem
717 1706 859 1779 possunt
873 1701 1018 1763 inveniri.
1043 1697 1104 1762 Cui
1119 1700 1255 1778 collegio
1270 1700 1338 1760 libri
1354 1699 1523 1779 quondam
1539 1701 1753 1762 bibliothecae

352 1802 479 1865 Veteris
501 1804 591 1866 urbis
616 1799 829 1882 Pragensis¹³)
852 1806 1033 1882 obtigerint,
1057 1819 1224 1882 nusquam
1247 1807 1408 1882 comperi;
1433 1805 1493 1865 scd
1517 1820 1594 1867 cum
1617 1809 1650 1868 in
1673 1822 1754 1866 non·

353 1909 448 1969 nullis
481 1909 650 1971 codicibus
685 1913 806 1971 nostris
841 1911 906 1983 (ex.
930 1927 981 1988 gn·
1000 1907 1074 1981 651,
1097 1905 1173 1984 940)
1207 1913 1316 1969 vetere
1350 1924 1450 1972 manu
1485 1913 1679 1969 annotatum
1710 1913 1753 1972 sit

356 2017 616 2073 »communitatis
638 2011 771 2074 Maioris
794 2014 884 2075 urbis
907 2013 1112 2092 Pragcnsise,
1146 2017 1201 2091 qui
1223 2012 1356 2073 codices
1379 2017 1497 2091 postea
1518 2013 1644 2091 collegii
1667 2010 1701 2075 S.
1725 2012 1752 2075 J.

354 2113 545 2178 Clementini
567 2115 693 2193 luerint,
717 2121 830 2196 nequit
853 2116 1000 2190 dubitari,
1025 2120 1103 2196 quin
1127 2115 1271 2177 Jesuitac
1294 2114 1488 2178 Clementini
1522 2115 1656 2178 codices
1679 2117 1752 2178 illos

354 2237 395 2280 ex
418 2221 526 2298 aliquo
549 2223 769 2281 universitatis
791 2221 931 2300 collegio
953 2224 1148 2298 acceperint.

462 2338 616 2403 Omnium
639 2345 725 2403 enim
748 2345 966 2403 universitatis
990 2340 1159 2405 Carolinae
1192 2342 1402 2421 collegiorum
1437 2342 1651 2404 bibliothecae
1686 2358 1754 2405 una

353 2461 429 2506 cum
453 2449 522 2506 suis
545 2445 713 2507 codicibus
747 2463 848 2508 manu
882 2450 1009 2525 scriptis
1032 2464 1061 2508 a.
1089 2445 1170 2507 1622
1193 2450 1395 2525 imperatoris
1419 2449 1514 2507 iussu
1546 2451 1580 2508 in
1603 2445 1753 2510 Clemen-

353 2553 454 2610 tinum
479 2554 703 2628 pervenerunt
726 2546 821 2611 Nunc
844 2554 1016 2631 quaeritur,
1039 2556 1120 2629 quot
1141 2549 1207 2612 lere
1231 2550 1363 2611 codices
1386 2556 1464 2611 tunc
1485 2550 1629 2612 Jesuitae
1652 2551 1754 2612 acol-

353 2654 477 2731 legiatis
511 2657 703 2732 acceperint,
737 2655 789 2715 vel
812 2658 920 2733 potius
955 2659 1035 2732 quot
1057 2652 1190 2714 codices
1212 2655 1265 2714 illo
1288 2657 1361 2732 ipso
1384 2659 1531 2731 tempore
1565 2657 1597 2715 in
1621 2654 1753 2732 collegi-

353 2773 445 2819 orum
468 2757 670 2818 bibliothecis
693 2757 917 2836 superfuerint.
963 2755 1047 2820 Nam
1078 2756 1280 2835 superfuisse
1313 2758 1415 2818 multo
1438 2761 1620 2835 pauciores
1655 2773 1754 2837 quam

352 2859 470 2922 fuerint
492 2877 579 2922 saec.
602 2859 663 2921 XV
685 2867 835 2935 exeunte,
859 2863 968 2923 multis
996 2862 1204 2924 documentis
1227 2861 1389 2939 probatur.
1414 2859 1564 2922 Exeunte
1588 2876 1676 2922 saec.
1692 2859 1752 2921 XV

353 2981 411 3043 pro
445 2970 533 3026 certo
566 2966 719 3027 habenda
741 2972 793 3026 est
814 2981 946 3028 summa
967 2965 1055 3028 4500
1076 2966 1239 3038 codicum,
1277 2969 1387 3044 quiin
1410 2966 1619 3043 collegiorum
1643 2965 1755 3026 biblio·

353 3069 457 3130 thecis
478 3070 741 3142 asservabantur,
776 3085 864 3132 nunc
886 3075 997 3132 autem
1019 3070 1153 3132 codices
1176 3069 1273 3144 latini,
1310 3072 1365 3147 qui
1389 3086 1406 3129 e
1431 3071 1574 3148 pristinis
1597 3073 1756 3130 universi·

354 3177 427 3234 tatis
450 3173 594 3252 collegiis
617 3177 808 3252 provenisse
843 3174 1059 3252 perhibentur,
1094 3179 1172 3235 sunt
1194 3176 1318 3234 circiter
1343 3171 1434 3234 1100.
1482 3171 1542 3236 Cui
1565 3188 1703 3235 numero
1727 3178 1755 3236 si

352 3277 574 3338 addiderimus
608 3281 732 3339 circiter
758 3276 818 3340 150
839 3277 971 3339 codices
995 3279 1196 3350 bohemicus,
1220 3280 1427 3354 germanicos
1458 3281 1556 3356 atquc
1579 3293 1649 3352 eos,
1673 3293 1754 3355 quo·

353 3398 423 3443 rum
458 3385 547 3459 origo
577 3381 864 3461 recompingend0,
911 3381 1067 3456 radend0,
1102 3381 1279 3443 oblinendo
1314 3381 1457 3442 obscura
1490 3386 1550 3454 est,
1586 3381 1755 3460 apparebit

353 3500 484 3545 summa
510 3483 593 3546 1250
614 3485 776 3556 codicum,
799 3489 855 3566 qui
877 3503 897 3546 a
918 3484 1051 3547 Jesuitis
1074 3483 1287 3548 Clementinis
1310 3502 1352 3546 ex
1375 3485 1513 3547 diversis
1536 3485 1755 3547 universitatis

352 3589 496 3667 collegiis
519 3589 644 3667 accepti
667 3595 699 3651 et
721 3589 819 3651 nobis
853 3591 958 3652 traditi
993 3585 1120 3670 sunt¹⁴),
1154 3605 1284 3668 nosque
1306 3590 1370 3668 ipsi
1393 3605 1515 3668 magno
1545 3590 1755 3652 cumdolore

454 3777 493 3858 ¹²)
516 3783 600 3840 Notis
631 3785 677 3841 his
699 3784 869 3857 pracsertim
891 3784 957 3840 libri
980 3800 999 3840 a
1020 3786 1138 3840 duobus
1162 3783 1309 3855 magistris
1336 3783 1462 3854 collegio
1484 3778 1630 3840 Rcdkonis
1654 3785 1755 3840 donati

353 3876 570 3928 enumerantur.
595 3870 690 3943 Quam
712 3871 889 3928 lacunosum
913 3871 951 3926 sit
973 3871 1149 3943 opusculum
1173 3888 1191 3926 a
1213 3869 1254 3926 M.
1277 3869 1412 3925 Iohanne
1443 3869 1595 3941 Campano
1619 3887 1646 3926 a.
1674 3871 1754 3926 1616

352 3958 461 4030 Pragae
484 3959 540 4014 sub
555 3957 641 4013 titulo
659 3957 883 4014 »calendarium
899 3957 1109 4014 beneficiorum
1125 3958 1292 4014 academiae
1308 3955 1445 4027 Pragensi
1465 3957 1658 4013 collatorum«
1676 3959 1754 4028 typis

352 4047 472 4112 editum,
489 4060 526 4100 ex
539 4045 595 4100 hac
611 4047 769 4102 donatione
786 4045 859 4100 salis
873 4045 972 4116 ubere,
988 4060 1064 4117 quae
1078 4050 1177 4100 tamen
1193 4043 1376 4115 Campanum
1389 4041 1482 4111 latuit,
1499 4043 1583 4099 iacile
1599 4043 1753 4114 colligitur.

454 4123 492 4202 13)
514 4130 548 4188 111
570 4131 627 4188 hac
649 4132 828 4187 bibliotheca
840 4131 911 4187 olim
923 4137 1011 4188 ellam
1025 4139 1087 4188 erat
1101 4134 1195 4188 codex
1211 4129 1292 4188 2425
1317 4129 1391 4202 (Lib.
1417 4132 1481 4187 dec.
1502 4129 1536 4200 11,
1555 4130 1641 4201 321),
1668 4145 1755 4202 quem

353 4224 476 4274 senatus
501 4216 613 4276 Veteris
636 4220 717 4276 urbis
740 4218 894 4290 Pragensls
915 4236 942 4278 a.
963 4219 1043 4277 1783
1068 4217 1266 4275 universitatis
1282 4217 1476 4274 bibliothecae
1500 4220 1597 4273 denuo
1621 4217 1754 4273 contulit.

454 4298 492 4377 14)
513 4306 687 4363 Accuratior
707 4305 872 4362 rationandi
896 4308 1003 4362 modus
1025 4305 1074 4362 hic
1096 4312 1158 4362 est:
1188 4303 1233 4360 Ex
1266 4304 1444 4361 bibliotheca
1479 4304 1508 4362 S.
1531 4303 1558 4359 J.
1582 4302 1648 4358 Cle·

353 4392 482 4447 mentina
504 4399 699 4462 provenerunt
720 4392 838 4448 codices
861 4392 954 4464 latini,
978 4399 1123 4464 quatenus
1147 4391 1314 4463 signaturae
1338 4392 1446 4448 docent
1477 4439 1482 4449 .
1531 4435 1537 4447 .
1585 4432 1592 4446 .
1639 4389 1754 4450 ,1165

351 4478 405 4535 His
428 4481 553 4536 addendi
577 4485 647 4535 sunt
668 4479 814 4534 veteribus
838 4479 998 4550 signaturis
1021 4484 1153 4536 carentes
1178 4477 1291 4535 circiter
1315 4519 1645 4537 .......
1694 4477 1755 4534 270

352 4565 471 4622 codices
494 4566 638 4622 bohemici
661 4571 690 4621 et
712 4567 870 4637 germanici
894 4566 1006 4622 circiter
1042 4606 1646 4628 ............
1714 4564 1755 4620 70

677 4669 799 4726 Summa
821 4671 957 4726 codicum
980 4669 1173 4726 bibliothecae
1198 4669 1228 4726 S.
1253 4669 1279 4726 J.
1303 4668 1535 4727 clementinae.
1581 4713 1589 4729 .
1638 4667 1754 4728 .1505

352 4757 394 4814 De
423 4759 480 4813 hac
504 4773 620 4813 summa
641 4757 666 4812 si
682 4759 859 4815 detraxeris:
888 4758 914 4814 l.
941 4757 1059 4813 codices
1086 4757 1254 4814 monasterii
1278 4756 1449 4828 Ojvinensis
1475 4800 1481 4814 .
1529 4803 1535 4816 .
1571 4756 1611 4811 24

353 4845 381 4900 2.
406 4844 523 4900 codices
551 4845 589 4900 ab
611 4845 684 4916 ipsis
707 4843 827 4901 Jesuitis
851 4849 986 4900 exaratos
1010 4848 1061 4900 aut
1076 4845 1194 4900 aliunde
1211 4851 1348 4916 acceptos
1370 4843 1482 4900 circiter
1528 4843 1610 4900 ,200
1692 4839 1755 4897 224

1196 4949 1350 5004 restabunt
1372 4948 1487 5004 circiter
1531 4991 1538 5006 .
1586 4993 1593 5008 .
1640 4947 1755 5007 ,1270

352 5036 479 5102 codices,
493 5036 543 5108 qui
552 5034 664 5092 circaa.
679 5035 759 5091 1620
768 5041 939 5108 supererant
951 5040 980 5090 ln
991 5034 1175 5090 bibliothecis
1183 5035 1373 5106 collegiorum
1382 5033 1582 5092 universitatIs
1591 5033 1753 5104 Pragensis.
