3996 5954
907 545 988 608 10113

353 753 372 815 1,
401 749 762 832 161¹—166bAegidii
786 752 828 815 de
852 751 1026 815 Columna
1048 749 1196 814 Romani
1224 750 1408 814 Tractatus
1431 752 1473 814 de
1506 756 1649 830 peccato

244 839 415 918 originali.
464 839 553 919 »Ego
587 856 662 901 cum
699 845 761 900 sim
797 841 921 918 pulvis«
949 839 988 918 ><
1016 839 1105 900 »Hec
1137 837 1233 900 irater
1255 837 1391 916 Egidius
1416 838 1456 900 de
1481 837 1585 899 Roma
1608 839 1649 898 de

246 933 384 1006 peccato
408 927 582 1006 originali«

348 1016 450 1072 Codex
474 1017 531 1087 bic,
555 1016 642 1071 cuius
666 1015 737 1072 lolia
759 1032 777 1071 a
800 1016 820 1074 l.
848 1015 905 1071 122
931 1015 1077 1087 incipiens
1100 1015 1263 1071 rubricator
1293 1029 1423 1070 coaevus
1460 1017 1649 1083 enumeravit,

245 1105 336 1161 altera
358 1119 427 1175 pars
450 1103 635 1160 collectionis
658 1102 814 1158 cuiusdam
838 1103 957 1159 maioris
993 1117 1059 1158 esse
1093 1101 1218 1160 videtur.
1264 1099 1341 1157 Nota
1376 1105 1405 1156 tn
1439 1101 1489 1156 foi.
1524 1101 1646 1156 ultimo:

248 1190 323 1246 »Iste
347 1191 419 1246 liber
442 1197 487 1245 cst
509 1189 679 1246 monasterii
703 1187 933 1245 Borowanensis
957 1187 1031 1244 allas
1056 1187 1176 1245 Fonvos
1200 1187 1281 1258 Prag.
1305 1190 1393 1258 dyoc.
1418 1189 1505 1242 datus
1525 1203 1575 1260 per
1590 1203 1648 1246 rev.

245 1276 323 1348 Mag.
348 1276 542 1332 Mandalum«
568 1271 617 1351 (de
639 1274 824 1346 Benessow).
848 1274 958 1331 Deinde
982 1277 1079 1331 codex
1102 1273 1155 1330 luit
1178 1274 1248 1330 bibl.
1272 1274 1514 1346 Rosenbcrgicae,
1538 1290 1650 1346 exque

247 1363 400 1419 restitutus
423 1369 468 1420 est
492 1364 670 1418 monasterio
693 1363 833 1433 praelato.

367 1514 392 1593 0
857 1511 916 1587 VI.
944 1511 994 1588 D.
1022 1511 1057 1585 J.

246 1511 361 1698 ciceri.¹
376 1513 464 1697 1391.
487 1635 524 1696 X
527 1633 611 1697 VIII
616 1634 658 1717 ff.
673 1635 748 1710 306,
765 1635 809 1698 36
821 1638 862 1708 ><
873 1636 913 1697 21
939 1652 1001 1696 cm.
1023 1637 1040 1696 1
1064 1653 1107 1696 m.
1126 1653 1204 1698 cum
1219 1636 1323 1714 imag.
1340 1637 1469 1695 airam.
1487 1631 1572 1694 chin.
1589 1632 1649 1693 dei.

248 1756 473 1835 Florilegium
494 1755 685 1818 Ivanaeum
708 1772 773 1819 seu
796 1755 1022 1820 collectiones
1046 1754 1447 1834 chronologico-criticae
1464 1754 1650 1832 explanan-

246 1851 303 1907 tes
326 1849 454 1916 ortum,
477 1858 714 1922 progressum,
737 1857 903 1905 occasum
927 1889 934 1902 .
959 1889 967 1904 .
993 1890 1000 1905 .
1023 1842 1055 1903 d.
1079 1841 1178 1904 ivani
1200 1841 1290 1906 conl.
1315 1840 1472 1920 (auctore
1494 1839 1650 1920 Eugenio

246 1929 387 2006 Prudilr,
425 1929 609 2008 suppriore
632 1933 786 1994 monast.
809 1929 852 1992 ad
875 1928 910 1991 S.
932 1928 1132 1991 Jobannem
1155 1929 1221 1992 sub
1244 1928 1346 2007 rupe)
1370 1928 1650 2005 subsequentibus

456 2021 553 2078 variis
577 2017 719 2077 eundem
744 2022 895 2078 sanctum
919 2017 1195 2077 concernentibus
1224 2016 1441 2076 documentis.

351 2107 420 2163 Sine
445 2107 535 2162 dubio
559 2122 595 2161 ex
619 2113 746 2163 monast.
770 2122 794 2162 s.
818 2106 965 2162 lobannis
988 2106 1044 2161 sub
1069 2121 1148 2177 rupe.

353 2274 436 2356 1091
873 2272 933 2350 VI.
961 2274 1010 2349 D.
1039 2275 1076 2349 2.

247 2399 355 2459 citari.
377 2413 464 2459 saec.
488 2395 525 2458 X
530 2394 758 2458 VII-XVIII
763 2397 810 2479 ff.
834 2398 887 2472 62,
908 2397 1049 2460 30><20
1082 2414 1145 2458 cin.
1171 2399 1187 2458 1
1213 2415 1257 2457 m.

251 2517 523 2595 »compendium
557 2517 645 2579 iuris
679 2517 764 2580 novi
797 2517 1026 2596 provincialis
1062 2518 1215 2581 Boemici
1250 2519 1444 2580 secundum
1467 2532 1651 2578 numerum

248 2604 504 2683 alphabeticum
527 2609 708 2666 novissime
733 2621 865 2666 summa
888 2605 1051 2683 diligentia
1074 2611 1291 2684 congestum,
1315 2608 1402 2665 notis
1426 2621 1467 2664 cx
1490 2607 1557 2664 iure
1573 2619 1651 2663 con·

248 2693 471 2754 suetudinario
505 2709 544 2753 ac
578 2693 764 2770 municipali
799 2698 942 2763 auctum,
978 2699 1047 2754 tum
1072 2696 1162 2770 regni
1187 2691 1381 2753 officialibus
1404 2695 1436 2751 et
1459 2690 1650 2752 consiliariis

248 2787 315 2840 tum
340 2783 389 2853 iis,
425 2783 478 2859 qui
513 2784 545 2839 in
581 2778 651 2839 loro
686 2783 717 2839 et
752 2782 844 2856 pravi
867 2785 1051 2854 versantur,
1083 2781 1227 2857 apprime
1252 2779 1327 2838 utile
1350 2793 1388 2838 ac
1414 2792 1513 2856 prope
1537 2792 1650 2837 neces-

872 2869 1024 2926 sarium«

353 2955 386 3010 In
410 2957 503 3012 fronte
526 2957 658 3011 ciusdem
681 2955 774 3014 tituli:
800 2953 862 3010 »Ex
885 2956 1007 3011 archivo
1032 2953 1158 3026 Spineae
1181 2954 1345 3011 Coronae«

355 3122 453 3205 1092
865 3121 923 3198 Vl.
954 3123 1000 3198 D.
1028 3125 1064 3199 3.

249 3247 467 3308 1111111111.
491 3243 560 3304 XV
577 3244 907 3326 ff.175,29·5><21
933 3263 996 3308 cm.
1020 3247 1052 3312 d.
1074 3263 1120 3308 111.

514 3365 705 3429 Sermones
727 3365 918 3430 aestivales
940 3367 983 3430 de
1005 3373 1164 3445 tempore
1187 3371 1223 3430 et
1245 3365 1388 3429 sanctis.

352 3457 508 3530 Inscriptio
549 3458 579 3514 in
621 3456 759 3527 operculo
801 3472 898 3529 super.
933 3458 1018 3512 valde
1043 3458 1140 3514 attrita
1167 3458 1306 3512 »Postilla
1325 3501 1331 3514 .
1352 3497 1358 3512 .
1378 3500 1385 3514 .
1404 3471 1464 3527 ppa
1497 3453 1647 3510 estivalis«

248 3545 378 3600 indicare
400 3545 517 3602 videtur
539 3545 641 3599 codice
664 3544 808 3600 contineri
841 3551 952 3615 partem
986 3558 1166 3614 sermonum,
1201 3546 1251 3614 qui
1286 3544 1422 3598 dicuntur
1459 3539 1568 3612 Cappa
1593 3553 1652 3595 seu

249 3645 362 3688 aurum
385 3633 446 3688 sub
468 3631 546 3688 limo
569 3626 722 3706 (Antonii
745 3627 954 3705 Parmensis).

356 3799 456 3881 1093
841 3797 903 3874 Vl.
932 3797 981 3872 D.
1016 3799 1051 3872 4.

250 3942 358 4003 chari.
389 3956 477 4002 saec.
508 3935 765 4016 XJV-XVff.
789 3939 854 4001 156
875 3956 980 4016 num„
1013 3939 1197 4014 29·5><22
1218 3955 1280 4000 cm.
1304 3940 1322 4001 1
1347 3955 1393 4000 m.

321 4044 511 4107 Sermones
535 4044 577 4104 de
600 4041 733 4105 sanctis
757 4041 839 4104 dicti
865 4041 966 4104 »Flos
989 4042 1133 4121 campi«
1159 4042 1286 4116 (iacobi
1310 4042 1350 4104 de
1373 4040 1536 4118 Voragine
1549 4038 1573 4114 ?)

359 4130 526 4193 Praecedit
549 4131 660 4191 tabula
683 4145 874 4191 sermonum
899 4133 931 4191 in
955 4130 1009 4191 fol.
1034 4147 1101 4192 non
1126 4147 1215 4192 num.

354 4217 375 4278 l.
403 4221 436 4280 1⁸
463 4215 598 4278 »Sermo
621 4217 661 4277 de
685 4216 830 4278 adventu
860 4217 983 4278 domini
1016 4216 1058 4277 de
1090 4215 1291 4297 quadruplici
1325 4219 1510 4276 imitacionc
1545 4211 1650 4276 Cristi.

252 4304 424 4383 Preparare
447 4307 479 4365 in
503 4319 697 4365 occursum«
727 4301 755 4367 ><
781 4303 802 4364 1.
832 4302 906 4365 153·
933 4303 1093 4382 »Explicit
1115 4304 1194 4364 liber
1217 4303 1324 4365 dictus
1341 4301 1417 4363 Flos
1434 4304 1551 4378 campi,
1576 4303 1652 4380 quia

251 4396 336 4452 sicut
359 4391 422 4452 ssos
446 4394 572 4469 campi«
603 4397 662 4451 etc.

353 4478 374 4540 l.
403 4473 603 4539 1532-1561’
627 4475 805 4538 Sermones
829 4476 870 4537 de
894 4494 923 4537 S.
945 4476 1096 4539 Jobanne
1119 4475 1266 4554 Baptista
1288 4482 1321 4538 et
1343 4477 1384 4536 de
1408 4492 1434 4536 S.
1459 4491 1565 4536 cruce.

355 4565 375 4628 l.
405 4559 481 4627 156⁶
504 4562 588 4625 Nota
622 4565 777 4625 historica
814 4563 855 4623 de
889 4563 981 4624 bellis
1016 4564 1165 4624 busiticis
1189 4579 1218 4625 a.
1247 4561 1416 4624 1420-30
1450 4561 1652 4640 subscripta:

255 4669 316 4730 »ya
338 4651 490 4731 Mykkolt
512 4652 650 4711 odnas‹
677 4650 776 4728 (cdid.
800 4649 922 4724 Hister,
947 4648 1063 4728 Script
1089 4667 1146 4711 rer.
1172 4650 1304 4721 busli,
1329 4647 1392 4728 70).

354 4741 388 4798 In
410 4742 504 4798 fronte
528 4741 647 4797 tabulae
669 4757 839 4796 sermonum
862 4743 937 4797 dune
962 4747 1048 4796 notae
1072 4747 1152 4808 sunt,
1176 4741 1272 4811 prior:
1307 4739 1437 4810 »Templi
1461 4738 1539 4794 arcis
1566 4736 1651 4808 Zmy·

250 4831 307 4884 ken
330 4827 491 4900 (Zvlkov?)
518 4827 631 4896 1648«,
654 4827 815 4898 posterior:
843 4826 986 4899 »Collegii
1010 4826 1040 4884 S.
1065 4825 1091 4884 J.
1114 4825 1305 4886 Brneznicii.«
1331 4825 1387 4882 Sed
1404 4827 1516 4896 priores
1532 4839 1651 4896 posses·

251 4929 333 4972 sores
355 4916 421 4972 libri
445 4921 527 4970 erant
549 4914 683 4970 canonici
708 4915 856 4985 regulares
879 4914 1022 4970 ecclesiae
1045 4913 1156 4970 Montis
1185 4929 1211 4970 s.
1234 4913 1376 4970 Desiderii
1412 4912 1442 4968 in
1479 4911 1583 4984 Lyssa,
1619 4917 1651 4965 ut

251 5003 337 5058 docet
361 5009 432 5058 nota
455 5003 493 5057 ad
516 5003 627 5058 calcem
651 5000 670 5057 i.
700 4993 732 5056 lb
754 5008 783 5057 et
807 5001 843 5056 2²
866 5017 956 5057 manu
981 5016 1058 5058 saec.
1083 4998 1138 5055 XV
1161 5001 1311 5073 inscripta.

925 5221 977 5270 447
