4046 5972
364 549 398 602 VI

367 764 467 839 tisper
490 762 584 820 novis
607 757 759 818 librorum
783 757 880 818 donis
904 756 1075 835 suppletus
1098 760 1131 818 in
1154 757 1349 818 bibliotheca
1378 759 1506 817 musaei
1540 760 1628 834 regni
1660 753 1764 816 Bobe-

368 867 461 935 miae‚
496 877 594 940 quem
618 861 722 939 primo
744 859 860 923 Wenc.
887 859 1007 922 Hanka
1029 861 1148 938 publici
1170 861 1250 922 iuris
1281 855 1394 937 feeit⁷)‚
1426 865 1592 938 postremo
1625 857 1763 920 Hanslik

366 971 456 1046 operi
479 982 542 1027 suo
565 973 610 1043 lp.
637 964 776 1040 18-22)
799 967 943 1036 inseruit,
967 964 1000 1026 in
1024 981 1099 1044 qu0‚
1123 971 1160 1026 ut
1174 965 1224 1026 ille
1247 963 1457 1042 computavit,
1485 962 1556 1038 192,
1580 962 1764 1025 secundum

367 1069 529 1132 Hanslikii
551 1072 829 1147 computationem
854 1067 918 1131 204
940 1068 1073 1129 codices
1107 1071 1230 1143 (certus
1260 1072 1347 1129 enim
1378 1084 1535 1129 numerus
1569 1069 1666 1128 statui
1698 1083 1764 1127 non

368 1180 476 1253 potest
498 1181 628 1252 propter
651 1188 789 1234 mancos
811 1179 956 1234 veterum
973 1173 1196 1250 catalogorum
1213 1171 1336 1250 titulos)
1353 1175 1593 1244 enumerantur,
1610 1187 1628 1230 e
1645 1170 1764 1249 quibus

367 1278 409 1338 42
448 1279 611 1355 posterius
644 1276 746 1337 additi
780 1282 866 1348 sunt,
908 1277 1006 1336 ceteri
1044 1280 1147 1354 prima
1184 1291 1285 1336 manu
1322 1276 1467 1354 inscripti
1501 1275 1764 1353 antiquissimam

367 1381 493 1459 collegii
523 1377 664 1440 Carolini
695 1380 848 1440 librorum
883 1379 1012 1457 copiam
1047 1385 1300 1459 repraesentant.
1347 1378 1540 1458 Catalogum
1575 1380 1663 1440 hunc
1697 1395 1764 1439 non

368 1501 444 1546 esse
468 1489 627 1562 integrum
650 1482 788 1544 Hanslik
823 1484 855 1555 (1.
879 1500 907 1544 c.
932 1483 998 1558 22),
1033 1481 1115 1544 Rud.
1149 1478 1321 1556 Wolkan⁸l
1356 1484 1473 1544 eodem
1508 1498 1574 1543 non
1609 1486 1764 1543 contineri

367 1590 466 1650 libros
489 1588 654 1649 Wilhelmi
691 1587 805 1648 decani
829 1589 1055 1664 opinabantur.
1092 1586 1184 1666 Quas
1210 1591 1382 1666 opiniones
1404 1586 1506 1648 falsas
1529 1603 1605 1647 esse
1629 1587 1764 1648 demon·

370 1701 469 1753 strare
494 1691 668 1752 studebam
693 1691 920 1769 disquisitione
944 1692 1117 1752 bohemica
1155 1690 1245 1752 »Dva
1269 1689 1354 1752 stare
1378 1691 1532 1769 katalogy
1555 1690 1633 1752 lrnih
1657 1689 1765 1768 kolleji

370 1789 609 1874 Praiskych«⁹)
639 1795 809 1872 probando
843 1799 982 1873 primum
1016 1798 1200 1874 catalogum
1238 1813 1304 1857 non
1338 1812 1414 1854 esse
1449 1800 1609 1866 truncum,
1646 1811 1765 1872 nempe

367 1904 418 1960 cui
442 1900 548 1961 codex
571 1898 734 1959 Plinianus
758 1897 801 1976 (n.
827 1899 925 1972 2425)
948 1917 989 1960 ne
1011 1901 1142 1960 inscribi
1172 1899 1303 1977 quidem
1327 1898 1498 1977 potuisset,
1530 1898 1657 1967 deinde,
1689 1915 1765 1959 cum

368 2008 605 2083 manuprima
639 2003 814 2081 inscriptus
848 2009 939 2064 esset
971 2004 1078 2064 codex
1103 2002 1197 2076 2350,
1232 2007 1286 2082 qui
1320 2020 1362 2064 ex
1386 2003 1579 2064 bibliotheca
1601 2002 1764 2064 Wilhelmi

368 2108 484 2169 decani
508 2107 678 2169 manifeste
702 2112 859 2185 provenit,
883 2108 1067 2185 catalogum
1091 2112 1234 2186 acceptis
1257 2107 1391 2168 demum
1414 2109 1561 2168 eiusdem
1586 2108 1673 2168 libris
1689 2123 1765 2166 esse

367 2215 598 2290 conscriptum.
636 2211 687 2273 Ex
710 2212 904 2273 bibliotheca
937 2213 1061 2289 collegii
1084 2210 1225 2274 Carolini
1260 2215 1370 2289 utique
1395 2213 1485 2272 multi
1507 2212 1640 2271 codices
1663 2214 1765 2272 nostri

367 2321 595 2392 provenerunt,
619 2331 704 2393 quos
720 2323 829 2376 tamen
853 2331 1043 2376 enumerare
1060 2314 1187 2376 difficile
1205 2319 1264 2386 est,
1288 2331 1365 2377 curn
1385 2332 1506 2393 magna
1521 2332 1596 2393 pars
1613 2316 1764 2377 librorum

366 2420 631 2498 inscriptionibus
654 2426 771 2496 careat,
796 2425 828 2480 et
850 2423 1034 2497 signaturae
1058 2424 1195 2491 veteres,
1219 2436 1303 2498 quae
1320 2424 1507 2498 supersunt,
1531 2423 1625 2480 cuius
1642 2421 1764 2498 collegii

366 2522 445 2583 liber
467 2523 543 2583 olim
566 2522 669 2594 fuerit,
694 2539 765 2584 raro
789 2523 1023 2583 demonstrent.
1047 2521 1130 2584 Tres
1154 2528 1278 2584 tantum
1302 2524 1432 2584 codices
1456 2522 1543 2596 (409,
1567 2522 1641 2596 470,
1666 2523 1765 2595 2299)

366 2625 531 2687 veteribus
554 2627 677 2704 collegii
701 2625 839 2688 Carolini
864 2630 1037 2704 signaturis
1062 2626 1239 2686 hodiedum
1263 2630 1440 2688 instructos
1456 2628 1765 2688 commemorandos

366 2744 497 2802 cense0,
531 2746 617 2809 quos
640 2748 681 2792 ex
704 2731 898 2791 bibliotheca
921 2729 953 2792 S.
978 2730 1003 2790 J.
1029 2729 1230 2793 Clementina
1264 2732 1461 2793 obtinuimus
1495 2734 1622 2804 (tertius
1646 2735 1709 2790 iam
1733 2734 1765 2791 in

366 2837 515 2912 catalogo
548 2839 776 2915 antiquissimo
800 2870 842 2879 —
865 2835 1003 2897 Hanslik
1038 2835 1075 2897 19
1099 2869 1140 2880 -
1163 2837 1324 2914 occurrit),
1360 2842 1486 2897 ceteros
1521 2835 1620 2896 index
1654 2841 1767 2895 noster

367 2939 429 2998 sub
452 2955 535 3000 voce
562 2941 750 3018 »collegium
774 2937 899 3001 Caroli«
926 2939 1170 3001 demonstrabit.
1218 2939 1266 3002 De
1290 2941 1526 3020 posterioribus
1550 2940 1764 3000 bibliothecae

366 3042 464 3103 huius
498 3045 622 3122 collegii
655 3044 729 3105 satis
751 3051 878 3123 praeter
900 3045 941 3116 id,
977 3044 1066 3123 quod
1088 3043 1227 3105 Hanslik
1254 3043 1382 3123 proiert.
1417 3043 1459 3104 nil
1483 3047 1685 3120 compertum
1709 3044 1764 3103 ha-

366 3147 492 3207 bemus.

474 3285 579 3346 Etiam
603 3285 643 3346 de
667 3285 868 3347 bibliothecis
891 3288 1015 3364 collegii
1039 3293 1267 3367 magistrorum
1291 3291 1434 3349 caesarei
1450 3292 1483 3347 et
1497 3287 1634 3365 angelici
1650 3303 1764 3364 parum

367 3394 542 3451 memoriae
566 3391 728 3468 proditum
749 3387 859 3468 est;¹⁰)
882 3392 915 3452 id
939 3393 1045 3452 solum
1077 3399 1155 3453 noto
1178 3409 1220 3454 ex
1244 3392 1438 3452 bibliotheca
1460 3391 1583 3468 collegii
1608 3389 1764 3452 Omnium

367 3491 573 3567 Sanctorum,
597 3499 716 3573 quippe
740 3495 829 3572 quod
852 3497 1083 3557 catholicorum
1102 3503 1216 3580 partes
1241 3503 1390 3557 secutum
1414 3512 1582 3576 nunquam
1606 3496 1762 3556 abolitum

367 3603 465 3670 esset,
489 3599 596 3658 nullos
620 3599 752 3659 codices
775 3600 871 3660 nobis
894 3599 1059 3678 obtigisse.

474 3737 715 3798 Accedentibus
738 3738 780 3798 ad
805 3739 1000 3799 scholarium
1032 3741 1175 3818 collegia,
1212 3754 1295 3818 quae
1326 3740 1435 3799 itidem
1469 3742 1538 3798 suis
1562 3738 1765 3800 bibliothecis

364 3841 562 3918 gaudebant,
597 3845 735 3919 primum
770 3847 909 3904 occurrit
943 3845 1113 3922 collegium
1136 3841 1284 3904 Nationis
1319 3844 1520 3916 bohemicae,
1557 3842 1645 3921 quod
1678 3843 1765 3902 libris

367 3961 452 4005 saec.
489 3943 549 4004 XV
572 3961 648 4022 prae
679 3949 794 4006 ceteris
821 3947 948 4007 videtur
980 3946 1178 4008 abundasse.
1219 3945 1323 4008 Situm
1357 3953 1426 4008 erat
1448 3951 1479 4008 in
1503 3946 1574 4008 foro
1609 3951 1764 4025 pomario,

366 4048 455 4126 quod
478 4065 566 4109 nunc
583 4049 706 4116 dicitur,
729 4050 898 4111 adiacente
916 4051 957 4112 ab
973 4067 1001 4111 a.
1023 4049 1104 4111 1413
1128 4051 1262 4129 collegio
1280 4049 1436 4130 Hedvigis
1453 4055 1591 4128 reginae.
1617 4049 1764 4129 Quorum

364 4153 582 4230 collegiorum,
607 4157 643 4213 ut
665 4159 756 4214 erant
778 4157 883 4215 vicina
899 4162 931 4214 et
946 4159 1087 4216 maxime
1111 4154 1257 4229 finitima,
1281 4157 1418 4234 catalogi
1435 4171 1566 4235 quoque
1591 4171 1676 4215 saec.
1706 4153 1764 4214 ΧΥ

368 4271 435 4316 uno
458 4257 537 4316 libro
561 4261 703 4318 contenti
727 4264 905 4336 supersunt
926 4265 958 4319 et
981 4260 1077 4320 hodie
1101 4263 1132 4320 in
1157 4260 1350 4320 bibliotheca
1381 4261 1586 4320 illustrissimi
1610 4263 1764 4337 principis

365 4357 456 4420 Ferd.
481 4358 667 4422 Zdenconis
691 4361 731 4421 de
757 4360 955 4423 Lobkowicz
979 4361 1178 4425 Rudnicensi
1199 4363 1251 4425 Vl.
1269 4363 1304 4425 E.
1322 4363 1380 4426 18
1404 4367 1521 4440 signati
1544 4371 1764 4424 asservantur.

467 4911 504 4990 ¹⁰)
528 4917 561 4975 In
584 4920 707 4990 collegio
742 4920 875 4989 angelico
910 4937 937 4975 a.
965 4919 1044 4976 1603
1080 4921 1264 4978 habebantur
1288 4923 1348 4978 226
1372 4924 1500 4992 codices,
1534 4925 1569 4980 51
1598 4925 1769 4993 membran..

369 5006 427 5063 175
452 5009 543 5064 chart.
568 5006 619 5078 (cs.
644 5003 757 5077 Hanus,
782 5005 1004 5078 Quellenkunde
1028 5023 1056 5077 p.
1082 5008 1144 5078 21).
