4046 5972
358 567 405 618 XII

358 778 564 839 desideratos
587 784 644 840 aut
665 779 792 840 calamo
823 780 986 854 inductos,
1018 785 1212 858 supererunt
1250 778 1332 841 1248
1366 775 1551 856 codices²⁴l,
1587 783 1641 859 qui
1665 797 1685 841 a
1707 779 1758 841 Je-

358 884 452 943 suitis
476 879 688 944 Clementinis
711 899 817 944 novae
841 884 1054 944 bibliothecae
1078 883 1225 962 publicae
1242 883 1390 945 tradendi
1413 889 1521 957 erant;
1546 883 1606 944 sed
1630 899 1758 946 revera

358 985 463 1048 traditi
487 991 565 1047 sunt
588 986 685 1064 paulo
708 988 828 1066 plures,
853 991 937 1050 sicut
960 993 1048 1066 patet
1070 1005 1111 1048 ex
1134 1004 1272 1048 numero
1296 1004 1396 1066 supra
1412 991 1530 1066 posit0,
1554 1004 1757 1066 quamquam

357 1089 505 1151 nonnulli
528 1106 615 1151 nunc
639 1089 873 1163 desiderantur,
904 1107 990 1170 quos
1009 1091 1108 1152 habet
1137 1092 1307 1169 catalogus
1330 1109 1358 1152 a.
1387 1090 1464 1153 1781
1500 1094 1565 1165 (ex.
1596 1109 1643 1170 gr.
1674 1091 1711 1154 Y.
1735 1091 1757 1156 1.

357 1192 388 1256 2.
412 1211 445 1254 n.
468 1192 520 1268 27,
544 1210 642 1272 quem
666 1194 762 1256 etiam
786 1199 862 1257 citat
885 1195 999 1269 Pelzel,
1022 1194 1161 1257 Wenzel
1184 1194 1235 1270 IV,
1259 1196 1290 1258 2.
1312 1194 1375 1258 Th.
1399 1229 1440 1240 -
1468 1194 1550 1258 1790
1579 1229 1611 1240 -
1639 1213 1669 1275 p.
1687 1194 1756 1270 165,

357 1295 397 1358 Y.
420 1295 454 1357 ll.
479 1297 511 1359 5.
533 1315 565 1357 n.
590 1296 654 1372 27).

466 1419 493 1481 E
516 1425 631 1482 ceteris
655 1417 688 1482 S.
711 1419 737 1480 J.
761 1421 903 1498 collegiis
928 1419 1107 1481 bohemicis
1134 1419 1195 1480 148
1217 1419 1350 1482 codices
1372 1420 1469 1495 latini,
1503 1438 1642 1500 quorum
1666 1422 1757 1500 origo

358 1532 446 1588 certa
467 1532 527 1600 est,
551 1524 593 1585 ad
617 1539 679 1585 nos
703 1529 931 1602 provenerunt,
966 1525 1108 1603 plerique
1131 1541 1149 1584 e
1172 1520 1410 1586 Crumloviensi
1438 1530 1470 1585 et
1491 1525 1658 1603 Ignatiano
1682 1525 1758 1586 Pra-

357 1634 461 1709 gensi,
496 1646 537 1690 ex
559 1646 648 1690 nova
679 1633 788 1688 autem
824 1628 1019 1689 bibliotheca
1042 1625 1194 1690 Carolina
1219 1629 1343 1689 circiter
1363 1628 1393 1690 5.
1428 1626 1642 1690 Habebantur
1664 1629 1760 1707 igitur

358 1739 390 1794 in
414 1748 501 1794 nova
524 1732 719 1792 bibliotheca
752 1731 882 1810 publica
903 1748 932 1793 a.
961 1730 1038 1792 1781
1065 1735 1190 1793 circiter
1215 1729 1298 1792 1500
1319 1732 1407 1794 latini
1437 1733 1580 1806 codices,
1612 1749 1686 1793 cum
1712 1733 1759 1794 iu·

359 1837 454 1898 bente
477 1835 623 1915 Josepho
645 1835 680 1897 lI.
712 1839 904 1913 imperatore
939 1851 1137 1914 magnopere
1172 1840 1269 1896 aucta
1302 1844 1354 1896 est
1376 1840 1471 1914 copia
1494 1837 1645 1898 codicum
1669 1844 1759 1899 nost·

359 1956 467 2001 rorum
491 1957 533 2001 ex
556 1940 757 2001 bibliothecis
791 1941 926 2000 aliorum
961 1944 1231 2001 monasteriorum
1256 1942 1288 2001 in
1312 1955 1413 2018 regno
1436 1939 1613 2002 Bohemiae
1644 1958 1759 2002 recens

357 2045 559 2105 abolitorum.
585 2042 674 2122 Quot
695 2043 782 2104 latini
805 2042 948 2115 codices
971 2049 1134 2120 quatenus
1157 2047 1248 2121 origo
1272 2059 1384 2104 eorum
1409 2052 1496 2104 certa
1518 2051 1577 2122 esi,
1613 2062 1654 2106 ex
1677 2060 1759 2106 uno·

360 2164 491 2228 quoque
514 2151 713 2208 monasterio
736 2148 832 2208 nobis
862 2150 1070 2218 accreverint,
1105 2147 1251 2224 indigitat
1274 2146 1383 2208 tabula
1405 2151 1438 2208 in
1461 2146 1526 2208 fine
1550 2149 1648 2210 huius
1671 2156 1759 2211 cata·

358 2253 422 2330 logi
445 2244 608 2329 posita25);
632 2252 684 2312 hic
708 2255 897 2311 summatim
920 2266 1143 2311 commemoro
1166 2266 1230 2310 nos
1252 2255 1439 2329 accepisse:

359 2406 573 2469 acauouicis
594 2404 814 2486 regularibus
842 2424 870 2468 e.
893 2405 1078 2485 Augustini
1105 2401 1398 2480 (Tiebonensibus,
1430 2407 1529 2469 Boro-

443 2511 658 2584 vanensibus,
682 2508 962 2586 Carloviensibus)
1034 2557 1527 2576 ..........
1572 2511 1637 2574 339
1661 2513 1757 2576 codd.

358 2633 378 2676 a
403 2611 679 2678 Cistercieusibus
701 2612 972 2692 (Coronensibus,
1007 2612 1273 2692 Sedlecensibus,
1308 2614 1529 2690 PlasensibuS,

443 2717 661 2789 vallensibus
684 2716 957 2793 Doxanensibus)
1032 2765 1528 2784 ..........
1578 2722 1638 2783 158
1697 2747 1712 2776 ›

358 2841 378 2884 a
400 2819 620 2884 Benediriiuis
651 2823 707 2895 (ad
730 2819 763 2884 S.
788 2820 976 2900 Georgium,
1007 2823 1050 2882 ad
1073 2820 1106 2885 S.
1130 2821 1314 2884 iohannem
1346 2824 1409 2885 sub
1439 2841 1529 2903 rupe,

443 2927 486 2988 ad
509 2924 543 2988 S.
566 2924 745 2999 Nicolaum,
770 2930 802 2987 in
826 2921 987 2999 BievnOV,
1010 2930 1043 2987 in
1065 2925 1220 3000 Kladrub‚
1244 2930 1276 2988 in
1301 2924 1475 3006 Sazava).
1522 2975 1529 2990 .
1598 2928 1639 2990 76
1699 2957 1713 2982 ι

358 3032 399 3091 ab
423 3030 571 3092 eremitis
591 3047 618 3092 s
641 3027 826 3108 Augustini
848 3029 903 3104 (ad
927 3027 962 3094 S.
985 3028 1231 3104 Wenceslaum,
1259 3030 1529 3109 Taboriensibus,

444 3133 680 3211 Tustensibus)
708 3179 1530 3199 ................
1597 3136 1640 3198 39
1698 3162 1714 3191 ›

357 3257 378 3299 a
400 3236 796 3300 Pruemonstratausibus
817 3233 1159 3312 (Chotesoviensibus,
1182 3238 1415 3319 Teplensibus)
1470 3293 1475 3303 .
1524 3289 1531 3304 .
1598 3241 1640 3302 25
1700 3269 1713 3293 »

358 3360 378 3403 a
402 3337 595 3422 Crucigeris
617 3345 706 3414 (cum
730 3341 832 3402 rubeo
856 3342 964 3418 corde,
988 3358 1063 3403 cum
1087 3344 1188 3404 rubea
1211 3345 1312 3419 stella,
1337 3343 1528 3407 Zderazien·

445 3446 554 3524 sibus)
601 3493 1529 3512 ..................

356 3570 376 3612 a
402 3547 619 3614 Cartusiauis
641 3549 935 3624 (Waldicensibus)
981 3598 1530 3616 ...........

356 3654 634 3718 aDomiuicanis
666 3653 953 3728 (Budvicensibus
988 3654 1252 3730 Jablonensibus‚
1288 3656 1529 3732 PisecensibuS,

444 3760 669 3834 PlznensibuS,
694 3759 912 3838 Pragensibus
935 3760 977 3822 ad
1002 3758 1034 3823 S.
1060 3762 1205 3832 Annam)
1251 3807 1528 3824 ......
1601 3761 1638 3822 17
1699 3788 1712 3816 »

357 3883 399 3927 ex
421 3869 537 3926 ceteris
561 3868 722 3926 minorum
746 3867 890 3942 gentium
914 3869 1121 3926 monasteriis

1177 4026 1365 4083 summatim
1412 4073 1418 4084 .
1465 4075 1471 4086 .
1520 4070 1528 4085 .
1574 4021 1632 4084 731
1661 4022 1759 4086 codd.

465 4195 530 4258 Tot
552 4201 646 4275 igitur
667 4197 773 4258 latinis
797 4197 977 4263 codicibus,
1002 4213 1140 4278 quorum
1165 4200 1256 4274 on'go
1279 4200 1365 4259 notis
1385 4199 1548 4274 inscriptis
1565 4196 1758 4270 declaratur,

358 4307 455 4362 aucta
478 4307 530 4362 est
552 4301 747 4362 bibliotheca
769 4307 883 4362 nostra
905 4319 922 4362 e
947 4301 1084 4362 diversis
1118 4305 1325 4363 monasteriis
1356 4300 1430 4363 inde
1454 4301 1496 4362 ab
1519 4318 1548 4362 a.
1578 4300 1658 4364 1782
1682 4302 1761 4363 abo·

357 4404 430 4466 litis.
455 4401 530 4466 Sive
547 4404 735 4466 traditorum
759 4405 911 4466 codicum
928 4420 1101 4467 numerum
1116 4403 1209 4480 (262)
1226 4409 1295 4466 sive
1312 4409 1543 4484 praestantiam
1560 4411 1760 4484 reputamus,

358 4512 474 4570 ceteris
497 4509 650 4571 omnibus
674 4509 835 4572 antecellit
857 4513 1091 4570 monasterium
1113 4504 1338 4586 Tiebonense,
1362 4513 1394 4570 in
1418 4525 1484 4588 quo
1507 4509 1549 4570 ab
1570 4511 1658 4571 initio
1681 4513 1761 4572 litte-

465 4743 505 4824 24)
528 4753 726 4810 Scherschnilr
750 4755 799 4825 (cl.
825 4753 941 4811 Balbini
955 4755 1028 4813 Boh.
1052 4758 1131 4814 doct.
1148 4760 1194 4812 ed.
1211 4755 1310 4826 Ungar
1325 4753 1373 4824 111,
1391 4756 1444 4826 70)
1468 4755 1648 4827 computavit
1670 4754 1761 4822 1234,

359 4843 408 4912 qul
432 4855 570 4896 numerus
592 4844 698 4900 iustior
720 4857 784 4898 esse
807 4843 929 4900 videtur.

466 4935 505 5020 26)
530 4942 638 5001 Eadem
669 4947 771 5002 tabula
804 4949 891 5003 docet
921 4945 1080 5003 nonnullos
1111 4948 1230 5004 codices
1254 4951 1354 5004 nescio
1378 4961 1436 5019 quo
1460 4949 1548 5002 modo
1572 4944 1660 5000 nobis
1684 4943 1762 5000 obti-

358 5031 437 5102 gisse
462 5033 549 5087 etiarn
572 5047 586 5087 e
610 5035 796 5090 monasteriis
820 5049 879 5088 non
903 5032 1032 5090 abolitis.
