3996 5954
1035 525 1117 588 1094

480 731 583 813 1094
989 730 1046 806 Vl.
1075 731 1122 805 D.
1148 732 1184 805 5.

373 854 481 916 chari.
504 871 591 915 saec.
616 853 685 914 XV
692 853 738 936 ff
761 854 836 930 202,
858 854 1111 916 29·5><21cm.
1135 855 1153 915 1
1172 872 1217 915 m.

372 975 582 1038 Sermonum
615 976 840 1054 antiquorum
863 993 912 1038 ss.
935 981 1075 1055 patrum
1097 977 1140 1038 de
1161 981 1319 1053 tempore
1342 991 1424 1052 pars
1447 975 1495 1036 1v
1517 994 1538 1038 a
1560 975 1652 1038 festo
1668 993 1696 1037 s.
1712 978 1775 1038 tri·

721 1061 841 1124 nitatis
864 1065 1042 1141 usquead
1066 1064 1258 1126 adventum
1280 1062 1423 1124 domini.

475 1152 508 1208 111
531 1154 669 1225 operculo
693 1169 788 1224 super.
812 1154 886 1209 haec
909 1160 979 1209 nota
1004 1170 1091 1209 manu
1115 1169 1191 1209 saec.
1217 1151 1272 1208 XV
1295 1155 1404 1224 scripta
1427 1153 1572 1209 occurrit:
1600 1154 1704 1208 »Liber
1727 1170 1776 1208 ec·

372 1239 460 1294 clesie
484 1242 514 1295 in
537 1239 727 1295 Bossulecz‹.

476 1405 573 1489 1095
981 1409 1044 1482 VJ.
1073 1409 1121 1482 D.
1150 1410 1184 1480 6.

373 1531 482 1592 chari.
507 1549 540 1591 a.
564 1529 651 1591 1408
667 1529 709 1611 ff.
731 1530 797 1591 218
819 1547 923 1606 utrm„
945 1531 1085 1594 29><21
1111 1548 1174 1592 cm.
1198 1530 1230 1591 d.
1255 1548 1300 1590 m.

653 1651 794 1714 chrici
817 1651 860 1713 de
882 1651 1052 1714 Primaria
1074 1653 1117 1731 (1)
1139 1650 1326 1730 Expositio
1353 1651 1495 1714 missae.

475 1738 496 1798 f.
526 1740 557 1799 1⁸
582 1738 768 1817 »Quoniam
792 1739 935 1800 clamitat
958 1744 1102 1818 sapiens
1137 1739 1226 1818 quod
1243 1744 1483 1817 perscrutator«
1510 1739 1549 1815 ><
1574 1738 1594 1799 1.
1619 1735 1700 1799 218b
1721 1742 1771 1798 »in

370 1827 469 1903 glorie
494 1826 671 1886 libertatem
695 1829 880 1903 eripiuntur.
927 1825 1066 1904 Explicit
1099 1830 1268 1904 exposicio
1304 1841 1404 1903 super
1437 1824 1547 1886 officio
1578 1829 1679 1886 misse
1704 1841 1771 1885 rev.

371 1911 457 1990 Mag.
482 1911 611 1972 Henrici
636 1928 729 1972 sacre
748 1960 755 1974 .
775 1961 781 1973 .
803 1959 810 1972 .
829 1913 961 1990 (lacuna
983 1917 1149 1974 excisione
1173 1912 1273 1991 facta)
1297 1911 1421 1972 ordinis
1444 1911 1575 1973 fratrum
1598 1913 1772 1972 heremita·

372 2016 443 2059 rum
469 2016 496 2058 s.
521 1999 705 2076 Augustini,
737 1997 827 2059 finita
850 2015 907 2076 per
929 2015 1050 2060 manus
1072 1998 1248 2061 Johannis
1272 1999 1315 2060 de
1339 1997 1521 2060 Modrovia
1543 2015 1572 2058 a.
1598 1999 1628 2058 d.
1656 1997 1768 2059 uta·

371 2084 434 2158 (De
458 2092 590 2146 auctore
614 2085 653 2146 cf.
679 2084 819 2164 Czemy,
842 2083 967 2146 Hdsch.
993 2084 1039 2147 St.
1064 2085 1202 2156 Florian,
1228 2103 1258 2164 p.
1282 2085 1349 2158 45.)

476 2175 612 2247 Sequitur
635 2176 786 2245 registrum
810 2177 907 2246 operis
929 2179 958 2230 in
983 2175 1031 2232 fol.
1056 2177 1175 2246 alligato
1199 2192 1260 2231 non
1276 2191 1355 2231 num.
1373 2176 1563 2246 compilatum
1587 2191 1675 2230 manu
1692 2189 1770 2229 saec.

369 2259 601 2318 XVH-XVIII.

479 2430 576 2514 1090
969 2429 1034 2505 VI.
1062 2430 1110 2504 D.
1140 2429 1174 2505 7.

370 2555 479 2618 chart.
501 2571 588 2616 saec.
612 2553 697 2616 XIV
718 2571 765 2614 ex.
802 2550 852 2631 ff.
875 2552 950 2626 162,
971 2552 1152 2616 30><2r5
1172 2570 1235 2614 cm.
1261 2553 1292 2614 d.
1315 2571 1360 2614 m.

370 2675 560 2738 Sermones
584 2675 813 2738 dominicales
836 2689 899 2751 per
920 2671 1090 2737 circulum
1111 2673 1196 2734 anni
1220 2671 1320 2734 initio
1344 2678 1514 2736 carentes.
1560 2671 1602 2746 (T
1604 2678 1671 2734 emi
1704 2690 1771 2734 ser-

794 2777 911 2822 mones
934 2765 967 2821 in
990 2761 1133 2840 qualibet
1157 2757 1346 2838 dominica.)

478 2847 496 2910 f.
527 2845 603 2909 1621‘
626 2852 778 2922 (absoluto
802 2866 935 2906 sermone
959 2853 1043 2907 tertio
1066 2852 1232 2906 dominicae
1255 2847 1366 2919 XXIV)
1399 2844 1586 2924 »Chlubyss
1610 2864 1752 2925 syc...

370 2952 431 3012 zye
489 2983 496 2996 .
522 2983 528 2996 .
553 2953 636 3014 gyss
660 2951 754 2996 mass
778 2935 922 2995 konecz‹
950 2933 1040 3011 (finis
1063 2935 1115 2994 hic
1140 2932 1286 2994 radendo
1309 2935 1422 2993 laesus
1445 2937 1520 3006 est).

479 3105 575 3189 1097
948 3104 1007 3181 VI.
1034 3104 1083 3181 D.
1110 3106 1148 3180 8.

371 3229 479 3291 chart.
502 3247 590 3292 saec.
628 3229 822 3292 XIV-XV
836 3231 876 3314 ff.
904 3229 973 3303 156,
995 3229 1084 3290 30)(
1102 3229 1143 3290 21
1168 3245 1231 3290 cm.
1255 3227 1273 3288 1
1297 3245 1342 3288 m.

858 3351 1046 3414 Sermones
1070 3351 1112 3412 de
1135 3348 1279 3411 sanctis.

477 3438 497 3499 f.
526 3441 558 3499 l·
582 3439 672 3517 »Ego
703 3456 778 3500 sum
808 3443 881 3501 vitis
910 3455 1017 3499 vera.
1045 3488 1050 3497 .
1077 3488 1082 3498 .
1115 3435 1196 3497 Vitis
1228 3439 1290 3496 nisi
1314 3436 1551 3497 elaboraretur«
1578 3435 1618 3514 )(
1642 3437 1662 3498 f.
1692 3437 1770 3498 156·

368 3527 418 3602 (de
442 3545 466 3587 5,
492 3528 664 3600 Catharina)
698 3527 759 3587 »ad
792 3529 930 3604 nupcias
965 3529 1036 3585 eius
1070 3528 1184 3602 sponsi
1218 3527 1328 3584 venire
1359 3523 1492 3585 feliciter
1514 3525 1701 3592 valeamus:
1725 3523 1768 3584 ad

369 3629 454 3691 quas
477 3629 540 3673 nos
564 3613 738 3691 perducat«
766 3620 825 3674 etc.

475 3782 577 3864 1098
963 3781 1023 3858 Vl.
1050 3784 1098 3859 D.
1127 3785 1162 3857 9.

369 3909 477 3971 chart.
500 3924 589 3969 saec.
613 3907 683 3970 XV
688 3907 736 3990 ff.
758 3908 834 3984 361,
855 3909 896 3971 31
910 3906 1007 3982 ><22
1029 3923 1092 3968 cm.
1115 3906 1147 3967 d.
1171 3924 1216 3968 m.

367 4027 599 4092 Decretalium
629 4027 781 4092 Pseudo·
810 4027 1082 4092 Isidorianarum
1111 4045 1194 4105 pars
1223 4027 1238 4090 1
1270 4032 1355 4106 (seu,
1385 4035 1421 4090 ut
1451 4033 1482 4089 in
1513 4045 1625 4090 assere
1658 4044 1766 4106 super.

679 4117 877 4178 inscribitur:
902 4116 1007 4177 Prima
1029 4131 1105 4194 pars
1128 4116 1196 4177 fibn'
1220 4117 1455 4188 conciliorum).

477 4202 497 4262 f.
525 4205 560 4263 1⁸
584 4201 637 4262 »ln
660 4207 793 4264 nomine
817 4206 917 4282 patris
941 4249 948 4263 .
974 4251 982 4264 .
1007 4254 1012 4265 .
1036 4207 1173 4264 nomina
1196 4207 1436 4282 provinciarum
1461 4202 1598 4264 Romani
1622 4205 1763 4282 imperii«

369 4289 408 4367 ><
433 4289 453 4350 i.
478 4288 559 4351 361³
581 4291 722 4364 (Explicit
745 4293 903 4350 concilium
926 4292 1067 4364 Spalense
1090 4295 1269 4366 secundum)
1317 4288 1506 4353 »Hactenus
1529 4289 1666 4368 digestis
1688 4305 1766 4350 con·

367 4377 447 4438 ciliis
471 4393 497 4436 s.
523 4382 648 4454 patmm
685 4382 864 4455 sequentur
898 4376 1029 4438 decreta
1058 4378 1224 4455 presulum
1263 4375 1497 4440 Romanorum.
1531 4375 1654 4438 Prefate
1677 4375 1766 4437 56615

366 4465 546 4543 apostolice
569 4464 737 4541 presulum
760 4468 948 4537 constituta,
972 4479 1036 4542 que
1059 4464 1102 4525 ad
1125 4465 1200 4526 fidei
1224 4465 1368 4543 regulam
1383 4464 1494 4526 velud
1510 4463 1766 4525 ecclesiasticam

366 4554 527 4628 pertinent
550 4551 762 4628 disciplinam,
787 4555 819 4612 in
843 4551 907 4612 hoc
929 4551 1009 4612 libro
1033 4550 1174 4630 diligenti
1197 4565 1278 4613 cura
1300 4553 1436 4613 collecta
1459 4557 1546 4625 sunt,
1579 4553 1623 4611 ita
1645 4557 1680 4610 ut
1702 4554 1767 4612 sin·

365 4638 515 4715 gulorum
540 4637 730 4715 pontificum
753 4643 917 4715 quotquot
947 4639 1078 4698 decreta
1100 4653 1121 4698 a
1143 4638 1239 4699 nobis
1270 4645 1397 4718 reperta
1427 4645 1515 4708 sunt,
1562 4637 1624 4698 sub
1655 4641 1766 4700 unius·

366 4727 527 4804 cuiusque
551 4725 687 4802 epistole
712 4729 794 4786 serie
818 4727 955 4804 propriis
978 4724 1076 4786 titulis
1100 4731 1350 4803 prenotarentur
1371 4743 1412 4788 eo
1436 4726 1549 4800 modo,
1579 4740 1647 4805 quo
1670 4739 1767 4804 supe-

366 4815 433 4871 rius
457 4811 653 4888 prefatorum
685 4817 813 4890 patrum
843 4827 990 4873 canones
1020 4815 1134 4872 nostro
1165 4813 1275 4875 studio
1305 4814 1443 4875 ordinati
1475 4818 1563 4886 sunt,
1602 4817 1766 4892 quatenus

366 4898 494 4958 lectoris
518 4897 676 4959 industria
699 4897 825 4959 facilius
848 4898 1021 4977 intelligere
1045 4903 1160 4976 possit,
1187 4900 1265 4961 dum
1290 4900 1442 4980 capitulis
1460 4903 1599 4979 propriis
1614 4898 1767 4961 distincta

366 4983 531 5045 intendit.‹

1040 5210 1092 5262 448
