4040 5954
1013 513 1096 574 1261

458 715 564 797 1264
933 717 1021 793 VII.
1049 716 1087 793 C.
1111 718 1175 795 21.

353 855 544 916 membran.
566 874 654 918 saec.
677 855 735 918 XI
737 855 843 919 V—X
845 856 875 916 V
881 855 934 936 ff.
955 857 1031 932 103,
1051 858 1096 920 30
1108 859 1148 935 ><
1160 858 1205 919 22
1218 876 1283 918 cm.
1306 857 1325 919 1
1351 877 1397 918 aa
1419 877 1499 920 cum
1521 861 1593 922 inii.
1613 861 1692 940 pici.

353 977 408 1040 Fr.
431 977 583 1040 Thomae
614 977 829 1050 (Guallensis
852 995 916 1040 seu
939 979 1148 1052 wallensis)
1179 979 1318 1057 Anglici
1347 982 1422 1043 ord
1444 983 1561 1058 praed
1590 981 1776 1044 »Lectum

505 1065 714 1143 sollempnis
737 1082 845 1144 super
866 1065 994 1126 librum
1016 1067 1048 1126 b.
1070 1065 1259 1144 Augustini
1281 1068 1325 1128 de
1347 1067 1493 1128 civitate
1515 1067 1601 1129 dci«

459 1187 482 1248 1.
510 1188 545 1248 1⁸
569 1185 745 1248 »Fluminis
768 1191 910 1266 impetus
933 1187 1064 1248 letificat
1085 1193 1267 1248 civitatem«
1286 1187 1350 1250 Χ1.
1378 1189 1456 1249 103·
1481 1195 1767 1251 »resurreccionis

355 1273 460 1334 future
483 1275 525 1334 ad
549 1274 791 1350 beatitudinem,
814 1275 857 1334 ad
880 1291 979 1352 quam
1004 1291 1066 1335 nos
1090 1275 1247 1352 perducat
1270 1280 1339 1353 ipse
1363 1276 1415 1336 dei
1439 1276 1534 1336 filius.
1558 1278 1696 1336 Amen«

459 1397 503 1454 Ex
526 1397 598 1453 bibl.
621 1399 737 1468 collegii
761 1397 792 1455 S.
816 1397 842 1453 J.
867 1397 1108 1456 Crumloviensis.

460 1600 562 1683 1265
941 1601 1022 1675 VII.
1049 1601 1086 1678 C.
1111 1603 1175 1678 22.

356 1743 464 1805 chart.
488 1760 521 1804 a.
544 1741 631 1804 1454
642 1740 692 1821 fs.
715 1743 789 1816 256,
811 1742 1041 1818 31><21an
1064 1744 1083 1805 1
1108 1762 1153 1805 m.

355 1863 529 1928 Lactantii
557 1863 727 1926 Firmiani
747 1863 1030 2010 Institutiondm'
1044 1863 1242 2011 divdn‘amm
1263 1865 1341 1927 libri
1364 1866 1433 1928 Vll
1480 1866 1650 1930 Eiusdem
1671 1869 1764 1932 liber

977 1967 1072 2012 erra
1117 1968 1161 2012 er.

460 2071 539 2133 Post
560 2076 731 2149 registrum
755 2071 775 2132 1.
800 2071 902 2132 256²:
928 2071 1086 2149 »Explicit
1108 2075 1187 2133 liber
1210 2073 1371 2134 lactancii
1395 2074 1547 2136 Firmiani
1569 2095 1599 2136 a.
1624 2077 1656 2137 d.
1675 2077 1763 2139 1454

357 2165 473 2238 quarta
494 2158 551 2219 fer.
576 2163 652 2236 post
673 2161 881 2236 epiphaniam
905 2159 1058 2220 domini«

460 2283 493 2339 ln
517 2285 644 2354 margine
668 2283 687 2338 1.
715 2285 764 2338 1²:
792 2283 932 2354 ›Collegii
957 2283 987 2339 S.
1009 2283 1037 2342 J.
1061 2285 1196 2356 catalogo
1213 2285 1372 2356 inscriptus
1389 2303 1415 2343 a.
1435 2286 1527 2342 1690.
1561 2289 1759 2344 Commotorii

358 2371 387 2426 3.
411 2372 568 2441 Augusti«

464 2537 558 2620 1266
955 2538 1039 2614 VII.
1070 2538 1107 2615 C.
1133 2539 1197 2615 23.

357 2679 575 2742 σῆαν1.εαεε.
599 2676 669 2738 XV
675 2677 722 2758 ff.
744 2677 819 2751 439,
840 2677 990 2756 30><21
1015 2695 1078 2739 cm.
1102 2678 1133 2740 d.
1158 2696 1202 2738 m.

433 2797 692 2862 Bartholomaci
715 2798 757 2859 de
781 2797 955 2860 Glanvilla
977 2795 1027 2860 De
1050 2798 1319 2877 proprietatibus
1351 2816 1470 2861 rerum
1491 2802 1572 2863 libri
1593 2800 1682 2864 xlx.

463 2920 483 2982 1.
512 2923 543 2982 1⁸
572 2920 673 2990 »Cum
713 2925 926 2999 proprietates
960 2937 1068 2980 rerum
1108 2929 1289 3000 sequantur
1322 2923 1553 2984 substancias«
1580 2924 1657 2984 ><1.
1681 2924 1761 2984 136·

362 3014 417 3069 -ut
439 3014 548 3087 patere
571 3013 687 3086 poterit
709 3009 880 3085 diligencia
902 3011 1048 3069 intuenti.
1072 3006 1132 3068 Hic
1157 3013 1267 3067 linitus
1291 3013 1342 3068 est
1366 3011 1445 3069 liber
1460 3015 1692 3089 proprietatum
1709 3029 1760 3071 re·

359 3112 429 3156 rum
453 3112 474 3154 a
496 3094 725 3155 Bartholomeo
748 3093 845 3155 tratre
868 3098 1029 3155 minorum
1054 3096 1292 3154 monachorum
1316 3095 1424 3156 editus
1448 3097 1638 3158 attactus«

462 3197 483 3259 1.
506 3193 712 3259 1361--138ι
736 3198 893 3276 (anepigr.)
916 3197 1019 3258 Notae
1043 3199 1084 3258 de
1108 3203 1327 3260 monstruosis
1350 3201 1550 3261 hominibus.

462 3301 482 3363 1.
506 3301 571 3379 439
593 3301 678 3378 (sol.)
704 3301 888 3379 »Regimen
910 3300 1107 3362 curativum
1130 3306 1254 3363 contra
1275 3311 1458 3380 apostema
1470 3303 1558 3382 Mag.
1581 3306 1760 3368 Adalbcrti

359 3387 517 3467 episcopi
539 3388 836 3466 anteponenda«

463 3513 495 3568 In
519 3513 658 3584 operculo
688 3513 770 3569 infer.
801 3515 876 3569 inter
899 3520 985 3569 notas
1008 3513 1163 3569 historicas
1187 3514 1224 3568 ad
1260 3530 1287 3570 a.
1316 3513 1396 3570 1450
1419 3521 1447 3569 et
1474 3515 1554 3573 1152
1579 3523 1758 3587 spectantes,

358 3597 448 3674 (quas
471 3602 517 3655 ed.
542 3600 647 3662 Hdller,
672 3599 909 3657 Geschichtschr.
933 3599 968 3668 11,
993 3600 1058 3670 71),
1082 3601 1207 3656 occurrit
1229 3601 1316 3656 etiam
1341 3609 1524 3669 annotatum,
1549 3604 1656 3657 librum
1680 3604 1760 3659 hunc

360 3704 427 3743 cum
450 3687 570 3758 postilla
592 3687 715 3758 Philippi
747 3690 782 3742 de
805 3686 905 3742 Monte
929 3687 1053 3742 Callerio
1077 3691 1178 3742 datum
1202 3703 1266 3742 esse
1289 3691 1468 3743 monasterio
1491 3689 1678 3746 Rudnicensi.
1713 3691 1760 3746 Ad

361 3789 416 3830 nos
438 3790 507 3831 vero
530 3776 625 3829 codex
649 3777 784 3846 provenit
813 3790 850 3829 ex
880 3777 1058 3830 monasterio
1081 3774 1269 3831 Tiebonensi.

466 3975 557 4057 1267
966 3977 1051 4052 VII.
1079 3978 1127 4052 D.
1155 3977 1190 4051 l.

361 4119 502 4181 irrembr.
525 4135 610 4180 saec.
634 4117 722 4181 XIV
732 4119 778 4200 ff.
802 4118 877 4192 287,
900 4119 995 4197 29)(
1009 4119 1049 4179 21
1075 4136 1138 4180 cm.
1163 4119 1194 4179 d.
1218 4136 1263 4180 m.

365 4241 581 4317 »Sermones
616 4241 675 4318 qui
708 4241 869 4302 dicuntur
902 4239 1091 4308 Rusticani,
1126 4241 1169 4303 de
1203 4241 1336 4303 sanctis
1370 4257 1432 4318 per
1454 4241 1623 4302 circulum
1646 4241 1760 4314 anni«,

361 4334 510 4390 carentes
533 4327 607 4390 fine.
632 4328 680 4405 (ln
704 4335 765 4389 cat.
790 4329 862 4390 cod.
888 4327 1017 4392 Monac.
1041 4334 1073 4388 et
1094 4328 1272 4389 Viennens
1297 4329 1392 4407 palat.
1419 4345 1590 4388 sermones
1608 4332 1658 4389 isti
1675 4329 1761 4390 attri-

362 4418 506 4478 buuntur
526 4414 715 4478 Bertholdo
738 4414 986 4493 Ratisponensi
1008 4415 1080 4476 ord.
1106 4415 1203 4492 min.)

466 4519 486 4582 1.
510 4519 591 4582 287ι
613 4521 809 4580 rubricatum
833 4526 900 4580 est:
942 4518 1056 4579 »Liber
1079 4523 1268 4580 monasterii
1292 4519 1412 4579 domus
1437 4535 1463 4579 s.
1490 4517 1593 4596 Egidii
1627 4521 1760 4578 canoni·

362 4623 475 4668 corum
511 4608 704 4686 regularium
728 4611 760 4668 in
783 4604 946 4684 Vitignaw
968 4608 1049 4666 alias
1084 4611 1116 4666 in
1139 4604 1293 4666 Trzebon
1317 4611 1528 4682 comparatus
1551 4622 1609 4683 per
1631 4604 1758 4666 nobiles

363 4695 515 4756 dominos
539 4695 579 4755 de
604 4693 784 4755 Rosember
806 4697 881 4768 (sic)
906 4697 1027 4771 primos
1052 4694 1157 4772 ipsius
1181 4697 1369 4754 monasterii
1393 4691 1613 4752 fundatores«

466 4817 576 4874 Deinde
600 4835 626 4877 a.
655 4819 735 4874 1609
759 4820 854 4873 codex
878 4824 939 4873 erat
962 4818 1033 4874 bibl.
1057 4817 1298 4886 Rosenbergicae,
1322 4830 1359 4872 ex
1383 4832 1441 4874 oua
1463 4817 1615 4871 restitutus
1638 4823 1682 4872 est
1698 4831 1760 4870 mo·

363 4905 490 4960 nasterio
513 4907 652 4978 praelato.
699 4907 809 4974 Codex,
845 4913 876 4960 ut
911 4907 997 4960 docet
1031 4910 1102 4959 nota
1135 4905 1165 4959 in
1199 4902 1294 4960 fronte
1317 4903 1336 4960 1.
1364 4905 1406 4970 ll,
1431 4904 1489 4959 iam
1513 4919 1539 4960 a.
1567 4901 1650 4960 1601
1673 4905 1760 4958 mutt-

364 4991 410 5046 lus
433 4999 503 5054 erat.

1037 5212 1088 5261 488
