<?xml version="1.0" encoding="UTF-8"?>
<!DOCTYPE html PUBLIC "-//W3C//DTD XHTML 1.0 Transitional//EN"
    "http://www.w3.org/TR/xhtml1/DTD/xhtml1-transitional.dtd">
<html xmlns="http://www.w3.org/1999/xhtml" xml:lang="en" lang="en">
 <head>
  <title>
</title>
<meta http-equiv="Content-Type" content="text/html;charset=utf-8" />
  <meta name='ocr-system' content='tesseract 3.04.00' />
  <meta name='ocr-capabilities' content='ocr_page ocr_carea ocr_par ocr_line ocrx_word'/>
</head>
<body>
  <div class='ocr_page' id='page_1' title='image "./cataloguscodicu02truhgoog_0506.png"; bbox 0 0 3996 5954; ppageno 0'>
   <div class='ocr_carea' id='block_1_1' title="bbox 910 533 990 595">
    <p class='ocr_par' dir='ltr' id='par_1_1' title="bbox 910 533 990 595">
     <span class='ocr_line' id='line_1_1' title="bbox 910 533 990 595; baseline 0 -2"><span class='ocrx_word' id='word_1_1' title='bbox 910 533 990 595; x_wconf 81' lang='lat'>1139</span> 
     </span>
    </p>
   </div>
   <div class='ocr_carea' id='block_1_2' title="bbox 250 735 1648 1253">
    <p class='ocr_par' dir='ltr' id='par_1_2' title="bbox 250 735 1648 993">
     <span class='ocr_line' id='line_1_2' title="bbox 250 735 1648 884; baseline 0.004 -86"><span class='ocrx_word' id='word_1_2' title='bbox 250 823 271 884; x_wconf 70' lang='lat' dir='ltr'><strong>fi</strong></span> <span class='ocrx_word' id='word_1_3' title='bbox 358 737 378 798; x_wconf 86' lang='grc'><strong>1.</strong></span> <span class='ocrx_word' id='word_1_4' title='bbox 403 735 607 800; x_wconf 64' lang='grc'><strong>3511-357*</strong></span> <span class='ocrx_word' id='word_1_5' title='bbox 631 739 814 819; x_wconf 74' lang='lat' dir='ltr'>(Pseudo)</span> <span class='ocrx_word' id='word_1_6' title='bbox 838 739 1003 821; x_wconf 86' lang='lat' dir='ltr'>Dionysii</span> <span class='ocrx_word' id='word_1_7' title='bbox 1041 740 1143 803; x_wconf 87' lang='lat' dir='ltr'>Liber</span> <span class='ocrx_word' id='word_1_8' title='bbox 1166 743 1208 804; x_wconf 89' lang='lat' dir='ltr'>de</span> <span class='ocrx_word' id='word_1_9' title='bbox 1231 741 1362 804; x_wconf 91' lang='lat' dir='ltr'>divinis</span> <span class='ocrx_word' id='word_1_10' title='bbox 1378 741 1578 804; x_wconf 85' lang='lat' dir='ltr'>nominibus</span> <span class='ocrx_word' id='word_1_11' title='bbox 1602 745 1648 819; x_wconf 93' lang='lat' dir='ltr'>(in</span> 
     </span>
     <span class='ocr_line' id='line_1_3' title="bbox 274 829 1472 993; baseline 0.003 -22"><span class='ocrx_word' id='word_1_12' title='bbox 274 840 314 884; x_wconf 66' lang='lat' dir='ltr'>ne</span> <span class='ocrx_word' id='word_1_13' title='bbox 343 829 609 972; x_wconf 46' lang='lat' dir='ltr'>”flassgfflffln</span> <span class='ocrx_word' id='word_1_14' title='bbox 632 911 795 992; x_wconf 86' lang='lat' dir='ltr'>Excerpta</span> <span class='ocrx_word' id='word_1_15' title='bbox 816 918 906 975; x_wconf 87' lang='lat' dir='ltr'>varia</span> <span class='ocrx_word' id='word_1_16' title='bbox 929 915 1112 993; x_wconf 85' lang='lat' dir='ltr'>theologica</span> <span class='ocrx_word' id='word_1_17' title='bbox 1135 919 1167 975; x_wconf 89' lang='lat' dir='ltr'>et</span> <span class='ocrx_word' id='word_1_18' title='bbox 1189 916 1472 976; x_wconf 82' lang='lat' dir='ltr'>canon-iuridica.</span> 
     </span>
    </p>

    <p class='ocr_par' dir='ltr' id='par_1_3' title="bbox 252 997 1648 1165">
     <span class='ocr_line' id='line_1_4' title="bbox 359 997 1648 1080; baseline 0.003 -22"><span class='ocrx_word' id='word_1_19' title='bbox 359 997 378 1060; x_wconf 84' lang='lat' dir='ltr'>I.</span> <span class='ocrx_word' id='word_1_20' title='bbox 404 997 611 1060; x_wconf 71' lang='lat'>3702-3752</span> <span class='ocrx_word' id='word_1_21' title='bbox 634 998 763 1062; x_wconf 79' lang='lat' dir='ltr'>Tabula</span> <span class='ocrx_word' id='word_1_22' title='bbox 786 999 963 1062; x_wconf 86' lang='lat' dir='ltr'>intervalli</span> <span class='ocrx_word' id='word_1_23' title='bbox 986 1017 1065 1062; x_wconf 88' lang='lat' dir='ltr'>eum</span> <span class='ocrx_word' id='word_1_24' title='bbox 1088 1001 1319 1080; x_wconf 80' lang='lat' dir='ltr'>expositione.</span> <span class='ocrx_word' id='word_1_25' title='bbox 1351 1001 1398 1076; x_wconf 90' lang='lat' dir='ltr'>(ln</span> <span class='ocrx_word' id='word_1_26' title='bbox 1422 1002 1526 1064; x_wconf 85' lang='lat' dir='ltr'>fronte</span> <span class='ocrx_word' id='word_1_27' title='bbox 1550 1009 1648 1063; x_wconf 88' lang='lat' dir='ltr'>nota:</span> 
     </span>
     <span class='ocr_line' id='line_1_5' title="bbox 252 1084 1064 1165; baseline 0.006 -21"><span class='ocrx_word' id='word_1_28' title='bbox 252 1084 290 1144; x_wconf 81' lang='grc' dir='ltr'>Α.</span> <span class='ocrx_word' id='word_1_29' title='bbox 316 1085 347 1145; x_wconf 94' lang='lat' dir='ltr'>d.</span> <span class='ocrx_word' id='word_1_30' title='bbox 375 1087 458 1146; x_wconf 86' lang='lat'>1444</span> <span class='ocrx_word' id='word_1_31' title='bbox 481 1085 540 1147; x_wconf 90' lang='lat' dir='ltr'>luit</span> <span class='ocrx_word' id='word_1_32' title='bbox 569 1102 671 1147; x_wconf 88' lang='lat' dir='ltr'>unum</span> <span class='ocrx_word' id='word_1_33' title='bbox 696 1103 755 1165; x_wconf 92' lang='lat' dir='ltr'>pro</span> <span class='ocrx_word' id='word_1_34' title='bbox 778 1103 878 1148; x_wconf 90' lang='lat' dir='ltr'>aureo</span> <span class='ocrx_word' id='word_1_35' title='bbox 902 1093 1064 1162; x_wconf 84' lang='lat' dir='ltr'>numero.)</span> 
     </span>
    </p>

    <p class='ocr_par' dir='ltr' id='par_1_4' title="bbox 358 1167 1647 1253">
     <span class='ocr_line' id='line_1_6' title="bbox 358 1167 1647 1253; baseline 0.002 -21"><span class='ocrx_word' id='word_1_36' title='bbox 358 1171 379 1233; x_wconf 87' lang='grc'><strong>1.</strong></span> <span class='ocrx_word' id='word_1_37' title='bbox 403 1167 609 1232; x_wconf 58' lang='grc'><strong>3761-3771</strong></span> <span class='ocrx_word' id='word_1_38' title='bbox 633 1171 667 1234; x_wconf 93' lang='lat' dir='ltr'>S.</span> <span class='ocrx_word' id='word_1_39' title='bbox 691 1174 866 1252; x_wconf 79' lang='lat' dir='ltr'>Augustini</span> <span class='ocrx_word' id='word_1_40' title='bbox 891 1172 1069 1237; x_wconf 87' lang='lat' dir='ltr'>Sermones</span> <span class='ocrx_word' id='word_1_41' title='bbox 1104 1175 1171 1234; x_wconf 91' lang='lat' dir='ltr'>duo</span> <span class='ocrx_word' id='word_1_42' title='bbox 1194 1175 1235 1235; x_wconf 93' lang='lat' dir='ltr'>de</span> <span class='ocrx_word' id='word_1_43' title='bbox 1260 1173 1293 1236; x_wconf 86' lang='lat' dir='ltr'>S.</span> <span class='ocrx_word' id='word_1_44' title='bbox 1318 1173 1468 1235; x_wconf 87' lang='lat' dir='ltr'>Iohanne</span> <span class='ocrx_word' id='word_1_45' title='bbox 1492 1174 1647 1253; x_wconf 86' lang='lat' dir='ltr'>Baptista.</span> 
     </span>
    </p>
   </div>
   <div class='ocr_carea' id='block_1_3' title="bbox 248 1278 1649 1611">
    <p class='ocr_par' dir='ltr' id='par_1_5' title="bbox 248 1278 1649 1611">
     <span class='ocr_line' id='line_1_7' title="bbox 353 1278 1649 1353; baseline 0.002 -20"><span class='ocrx_word' id='word_1_46' title='bbox 353 1278 386 1333; x_wconf 93' lang='lat' dir='ltr'>ln</span> <span class='ocrx_word' id='word_1_47' title='bbox 409 1278 458 1336; x_wconf 82' lang='lat' dir='ltr'>fol,</span> <span class='ocrx_word' id='word_1_48' title='bbox 483 1279 603 1350; x_wconf 85' lang='lat' dir='ltr'>praelig.</span> <span class='ocrx_word' id='word_1_49' title='bbox 629 1295 688 1335; x_wconf 92' lang='lat' dir='ltr'>non</span> <span class='ocrx_word' id='word_1_50' title='bbox 713 1295 792 1335; x_wconf 87' lang='lat' dir='ltr'>nom.</span> <span class='ocrx_word' id='word_1_51' title='bbox 818 1282 946 1336; x_wconf 88' lang='lat' dir='ltr'>occurrit</span> <span class='ocrx_word' id='word_1_52' title='bbox 967 1285 1057 1337; x_wconf 84' lang='lat' dir='ltr'>index</span> <span class='ocrx_word' id='word_1_53' title='bbox 1080 1283 1154 1338; x_wconf 89' lang='lat' dir='ltr'>libro</span> <span class='ocrx_word' id='word_1_54' title='bbox 1178 1289 1392 1350; x_wconf 85' lang='lat' dir='ltr'>contentorum,</span> <span class='ocrx_word' id='word_1_55' title='bbox 1427 1298 1513 1353; x_wconf 87' lang='lat' dir='ltr'>quem</span> <span class='ocrx_word' id='word_1_56' title='bbox 1537 1283 1649 1353; x_wconf 88' lang='lat' dir='ltr'>passim</span> 
     </span>
     <span class='ocr_line' id='line_1_8' title="bbox 248 1364 1649 1425; baseline 0.003 -7"><span class='ocrx_word' id='word_1_57' title='bbox 248 1372 277 1418; x_wconf 86' lang='lat' dir='ltr'>et</span> <span class='ocrx_word' id='word_1_58' title='bbox 301 1380 356 1420; x_wconf 89' lang='lat' dir='ltr'>nos</span> <span class='ocrx_word' id='word_1_59' title='bbox 380 1367 474 1422; x_wconf 88' lang='lat' dir='ltr'>secuti</span> <span class='ocrx_word' id='word_1_60' title='bbox 498 1381 611 1423; x_wconf 90' lang='lat' dir='ltr'>sumus.</span> <span class='ocrx_word' id='word_1_61' title='bbox 635 1364 668 1422; x_wconf 92' lang='lat' dir='ltr'>In</span> <span class='ocrx_word' id='word_1_62' title='bbox 692 1367 785 1422; x_wconf 77' lang='lat' dir='ltr'>fronte</span> <span class='ocrx_word' id='word_1_63' title='bbox 809 1367 826 1424; x_wconf 86' lang='lat' dir='ltr'>l.</span> <span class='ocrx_word' id='word_1_64' title='bbox 851 1369 889 1423; x_wconf 77' lang='lat'>4²</span> <span class='ocrx_word' id='word_1_65' title='bbox 912 1369 985 1423; x_wconf 87' lang='lat' dir='ltr'>haee</span> <span class='ocrx_word' id='word_1_66' title='bbox 1008 1376 1078 1424; x_wconf 90' lang='lat' dir='ltr'>nota</span> <span class='ocrx_word' id='word_1_67' title='bbox 1101 1375 1168 1424; x_wconf 86' lang='lat' dir='ltr'>est:</span> <span class='ocrx_word' id='word_1_68' title='bbox 1218 1368 1292 1424; x_wconf 80' lang='lat' dir='ltr'>»lste</span> <span class='ocrx_word' id='word_1_69' title='bbox 1317 1370 1389 1425; x_wconf 86' lang='lat' dir='ltr'>liber</span> <span class='ocrx_word' id='word_1_70' title='bbox 1412 1377 1456 1425; x_wconf 91' lang='lat' dir='ltr'>est</span> <span class='ocrx_word' id='word_1_71' title='bbox 1481 1371 1649 1424; x_wconf 85' lang='lat' dir='ltr'>monasterii</span> 
     </span>
     <span class='ocr_line' id='line_1_9' title="bbox 250 1451 1648 1528; baseline 0.004 -24"><span class='ocrx_word' id='word_1_72' title='bbox 250 1466 273 1507; x_wconf 91' lang='lat' dir='ltr'>s.</span> <span class='ocrx_word' id='word_1_73' title='bbox 297 1451 442 1508; x_wconf 90' lang='lat' dir='ltr'>Johannis</span> <span class='ocrx_word' id='word_1_74' title='bbox 465 1455 494 1508; x_wconf 91' lang='lat' dir='ltr'>in</span> <span class='ocrx_word' id='word_1_75' title='bbox 518 1452 649 1522; x_wconf 78' lang='lat' dir='ltr'>Insula«,</span> <span class='ocrx_word' id='word_1_76' title='bbox 689 1455 736 1509; x_wconf 89' lang='lat' dir='ltr'>cui</span> <span class='ocrx_word' id='word_1_77' title='bbox 773 1469 860 1509; x_wconf 91' lang='lat' dir='ltr'>manu</span> <span class='ocrx_word' id='word_1_78' title='bbox 895 1455 1047 1511; x_wconf 83' lang='lat' dir='ltr'>recentiori</span> <span class='ocrx_word' id='word_1_79' title='bbox 1083 1456 1312 1528; x_wconf 81' lang='lat' dir='ltr'>superscriptum</span> <span class='ocrx_word' id='word_1_80' title='bbox 1347 1463 1409 1512; x_wconf 88' lang='lat' dir='ltr'>est:</span> <span class='ocrx_word' id='word_1_81' title='bbox 1458 1455 1648 1510; x_wconf 80' lang='lat' dir='ltr'>»Monasterii</span> 
     </span>
     <span class='ocr_line' id='line_1_10' title="bbox 249 1538 624 1611; baseline 0.008 -20"><span class='ocrx_word' id='word_1_82' title='bbox 249 1553 274 1594; x_wconf 92' lang='lat' dir='ltr'>s.</span> <span class='ocrx_word' id='word_1_83' title='bbox 298 1538 422 1594; x_wconf 80' lang='lat' dir='ltr'>loannis</span> <span class='ocrx_word' id='word_1_84' title='bbox 446 1541 501 1594; x_wconf 90' lang='lat' dir='ltr'>sub</span> <span class='ocrx_word' id='word_1_85' title='bbox 525 1555 624 1611; x_wconf 82' lang='lat' dir='ltr'>rupe«</span> 
     </span>
    </p>
   </div>
   <div class='ocr_carea' id='block_1_4' title="bbox 250 1653 1093 1860">
    <p class='ocr_par' dir='ltr' id='par_1_6' title="bbox 250 1653 1093 1860">
     <span class='ocr_line' id='line_1_11' title="bbox 355 1653 1084 1770; baseline -0.004 -37"><span class='ocrx_word' id='word_1_86' title='bbox 355 1653 449 1736; x_wconf 79' lang='lat' dir='ltr'>uss</span> <span class='ocrx_word' id='word_1_87' title='bbox 678 1763 681 1770; x_wconf 15' lang='grc' dir='ltr'>Ι</span> <span class='ocrx_word' id='word_1_88' title='bbox 869 1656 924 1732; x_wconf 80' lang='lat' dir='ltr'>VJ.</span> <span class='ocrx_word' id='word_1_89' title='bbox 953 1657 996 1732; x_wconf 80' lang='lat' dir='ltr'>a.</span> <span class='ocrx_word' id='word_1_90' title='bbox 1024 1657 1084 1734; x_wconf 83' lang='lat'>20.</span> 
     </span>
     <span class='ocr_line' id='line_1_12' title="bbox 250 1775 1093 1860; baseline 0.002 -22"><span class='ocrx_word' id='word_1_91' title='bbox 250 1775 357 1838; x_wconf 76' lang='lat' dir='ltr'>citari.</span> <span class='ocrx_word' id='word_1_92' title='bbox 381 1795 469 1839; x_wconf 81' lang='lat' dir='ltr'>saec.</span> <span class='ocrx_word' id='word_1_93' title='bbox 493 1775 533 1838; x_wconf 86' lang='lat' dir='ltr'><em>X</em></span> <span class='ocrx_word' id='word_1_94' title='bbox 541 1777 600 1839; x_wconf 92' lang='lat' dir='ltr'>VII</span> <span class='ocrx_word' id='word_1_95' title='bbox 608 1779 654 1860; x_wconf 84' lang='lat' dir='ltr'>ff.</span> <span class='ocrx_word' id='word_1_96' title='bbox 677 1780 730 1853; x_wconf 84' lang='lat'>39,</span> <span class='ocrx_word' id='word_1_97' title='bbox 755 1779 897 1841; x_wconf 73' lang='grc'><strong>18)(11</strong></span> <span class='ocrx_word' id='word_1_98' title='bbox 919 1797 982 1842; x_wconf 86' lang='lat' dir='ltr'>cm.</span> <span class='ocrx_word' id='word_1_99' title='bbox 1005 1780 1023 1842; x_wconf 90' lang='lat'><em>1</em></span> <span class='ocrx_word' id='word_1_100' title='bbox 1048 1799 1093 1842; x_wconf 91' lang='lat' dir='ltr'>m.</span> 
     </span>
    </p>
   </div>
   <div class='ocr_carea' id='block_1_5' title="bbox 250 1877 1649 2136">
    <p class='ocr_par' dir='ltr' id='par_1_7' title="bbox 250 1877 1649 2136">
     <span class='ocr_line' id='line_1_13' title="bbox 250 1877 1649 1962; baseline 0.002 -21"><span class='ocrx_word' id='word_1_101' title='bbox 250 1877 410 1941; x_wconf 79' lang='lat' dir='ltr'>Censura</span> <span class='ocrx_word' id='word_1_102' title='bbox 431 1898 600 1944; x_wconf 85' lang='lat' dir='ltr'>censurae</span> <span class='ocrx_word' id='word_1_103' title='bbox 623 1881 714 1945; x_wconf 89' lang='lat' dir='ltr'>latae</span> <span class='ocrx_word' id='word_1_104' title='bbox 737 1900 766 1945; x_wconf 90' lang='lat' dir='ltr'>a.</span> <span class='ocrx_word' id='word_1_105' title='bbox 794 1881 877 1944; x_wconf 81' lang='grc'><strong>1684</strong></span> <span class='ocrx_word' id='word_1_106' title='bbox 900 1889 945 1952; x_wconf 90' lang='lat' dir='ltr'>(in</span> <span class='ocrx_word' id='word_1_107' title='bbox 969 1889 1135 1962; x_wconf 90' lang='lat' dir='ltr'>prooemio</span> <span class='ocrx_word' id='word_1_108' title='bbox 1159 1889 1298 1945; x_wconf 88' lang='lat' dir='ltr'>occurrit</span> <span class='ocrx_word' id='word_1_109' title='bbox 1331 1901 1360 1944; x_wconf 91' lang='lat' dir='ltr'>a.</span> <span class='ocrx_word' id='word_1_110' title='bbox 1400 1884 1495 1956; x_wconf 85' lang='grc'><strong>1674)</strong></span> <span class='ocrx_word' id='word_1_111' title='bbox 1529 1901 1550 1944; x_wconf 90' lang='lat' dir='ltr'>a</span> <span class='ocrx_word' id='word_1_112' title='bbox 1586 1881 1649 1944; x_wconf 89' lang='lat' dir='ltr'>PP.</span> 
     </span>
     <span class='ocr_line' id='line_1_14' title="bbox 250 1965 1648 2048; baseline 0.002 -21"><span class='ocrx_word' id='word_1_113' title='bbox 250 1965 477 2029; x_wconf 89' lang='lat' dir='ltr'>Revisoribus</span> <span class='ocrx_word' id='word_1_114' title='bbox 501 1969 577 2030; x_wconf 89' lang='lat' dir='ltr'>Soc.</span> <span class='ocrx_word' id='word_1_115' title='bbox 619 1968 707 2031; x_wconf 87' lang='lat' dir='ltr'>Jesu</span> <span class='ocrx_word' id='word_1_116' title='bbox 730 1977 851 2032; x_wconf 86' lang='lat' dir='ltr'>contra</span> <span class='ocrx_word' id='word_1_117' title='bbox 875 1970 1002 2032; x_wconf 89' lang='lat' dir='ltr'>librum</span> <span class='ocrx_word' id='word_1_118' title='bbox 1026 1972 1067 2033; x_wconf 89' lang='lat' dir='ltr'>de</span> <span class='ocrx_word' id='word_1_119' title='bbox 1091 1976 1186 2033; x_wconf 88' lang='lat' dir='ltr'>recto</span> <span class='ocrx_word' id='word_1_120' title='bbox 1209 1987 1277 2032; x_wconf 89' lang='lat' dir='ltr'>usu</span> <span class='ocrx_word' id='word_1_121' title='bbox 1299 1971 1504 2048; x_wconf 82' lang='lat' dir='ltr'>opinionum</span> <span class='ocrx_word' id='word_1_122' title='bbox 1527 1970 1648 2048; x_wconf 91' lang='lat' dir='ltr'>proba·</span> 
     </span>
     <span class='ocr_line' id='line_1_15' title="bbox 300 2053 1593 2136; baseline 0.003 -22"><span class='ocrx_word' id='word_1_123' title='bbox 300 2053 421 2115; x_wconf 88' lang='lat' dir='ltr'>bilium</span> <span class='ocrx_word' id='word_1_124' title='bbox 454 2059 673 2133; x_wconf 88' lang='lat' dir='ltr'>compositum</span> <span class='ocrx_word' id='word_1_125' title='bbox 697 2075 718 2117; x_wconf 91' lang='lat' dir='ltr'>a</span> <span class='ocrx_word' id='word_1_126' title='bbox 740 2062 868 2130; x_wconf 88' lang='lat' dir='ltr'>(auctor</span> <span class='ocrx_word' id='word_1_127' title='bbox 892 2059 958 2118; x_wconf 91' lang='lat' dir='ltr'>libri</span> <span class='ocrx_word' id='word_1_128' title='bbox 981 2062 1147 2136; x_wconf 87' lang='lat' dir='ltr'>ignoratur</span> <span class='ocrx_word' id='word_1_129' title='bbox 1170 2060 1260 2118; x_wconf 89' lang='lat' dir='ltr'>titulo</span> <span class='ocrx_word' id='word_1_130' title='bbox 1284 2056 1396 2119; x_wconf 86' lang='lat' dir='ltr'>loriice</span> <span class='ocrx_word' id='word_1_131' title='bbox 1422 2064 1593 2130; x_wconf 81' lang='lat' dir='ltr'>truncato).</span> 
     </span>
    </p>
   </div>
   <div class='ocr_carea' id='block_1_6' title="bbox 250 2205 1157 2411">
    <p class='ocr_par' dir='ltr' id='par_1_8' title="bbox 250 2205 1157 2411">
     <span class='ocr_line' id='line_1_16' title="bbox 356 2205 1096 2288; baseline -0.005 0"><span class='ocrx_word' id='word_1_132' title='bbox 356 2205 449 2288; x_wconf 87' lang='grc' dir='ltr'>ΙΙ37</span> <span class='ocrx_word' id='word_1_133' title='bbox 872 2212 935 2288; x_wconf 93' lang='lat' dir='ltr'>VI.</span> <span class='ocrx_word' id='word_1_134' title='bbox 964 2211 1007 2286; x_wconf 90' lang='lat' dir='ltr'>E.</span> <span class='ocrx_word' id='word_1_135' title='bbox 1035 2211 1096 2287; x_wconf 81' lang='lat'>21.</span> 
     </span>
     <span class='ocr_line' id='line_1_17' title="bbox 250 2329 1157 2411; baseline 0.006 -22"><span class='ocrx_word' id='word_1_136' title='bbox 250 2329 358 2391; x_wconf 82' lang='lat' dir='ltr'>chart.</span> <span class='ocrx_word' id='word_1_137' title='bbox 382 2348 468 2393; x_wconf 84' lang='lat' dir='ltr'>saec.</span> <span class='ocrx_word' id='word_1_138' title='bbox 493 2330 719 2411; x_wconf 70' lang='lat' dir='ltr'><em>XVIXVIfs.</em></span> <span class='ocrx_word' id='word_1_139' title='bbox 744 2335 797 2408; x_wconf 82' lang='grc'><strong>16,</strong></span> <span class='ocrx_word' id='word_1_140' title='bbox 819 2334 859 2395; x_wconf 82' lang='grc'><strong>21</strong></span> <span class='ocrx_word' id='word_1_141' title='bbox 875 2334 964 2396; x_wconf 85' lang='lat'><em>&gt;&lt;15</em></span> <span class='ocrx_word' id='word_1_142' title='bbox 984 2351 1046 2395; x_wconf 86' lang='lat' dir='ltr'>cm.</span> <span class='ocrx_word' id='word_1_143' title='bbox 1070 2336 1088 2396; x_wconf 87' lang='lat'><em>1</em></span> <span class='ocrx_word' id='word_1_144' title='bbox 1113 2353 1157 2396; x_wconf 88' lang='lat' dir='ltr'>m.</span> 
     </span>
    </p>
   </div>
   <div class='ocr_carea' id='block_1_7' title="bbox 250 2433 1651 3106">
    <p class='ocr_par' dir='ltr' id='par_1_9' title="bbox 250 2433 1651 2774">
     <span class='ocr_line' id='line_1_18' title="bbox 337 2433 1651 2514; baseline 0.003 -20"><span class='ocrx_word' id='word_1_145' title='bbox 337 2433 357 2494; x_wconf 85' lang='grc'><strong>1.</strong></span> <span class='ocrx_word' id='word_1_146' title='bbox 386 2436 518 2497; x_wconf 78' lang='grc'><strong>1·-12·</strong></span> <span class='ocrx_word' id='word_1_147' title='bbox 538 2434 712 2498; x_wconf 79' lang='lat' dir='ltr'>Iohannis</span> <span class='ocrx_word' id='word_1_148' title='bbox 736 2436 779 2499; x_wconf 88' lang='lat' dir='ltr'>de</span> <span class='ocrx_word' id='word_1_149' title='bbox 801 2437 894 2499; x_wconf 87' lang='lat' dir='ltr'>Hese</span> <span class='ocrx_word' id='word_1_150' title='bbox 924 2438 1038 2514; x_wconf 85' lang='lat' dir='ltr'>presb.</span> <span class='ocrx_word' id='word_1_151' title='bbox 1071 2437 1275 2499; x_wconf 88' lang='lat' dir='ltr'>itinerarius</span> <span class='ocrx_word' id='word_1_152' title='bbox 1310 2453 1331 2498; x_wconf 91' lang='lat' dir='ltr'>a</span> <span class='ocrx_word' id='word_1_153' title='bbox 1362 2436 1559 2499; x_wconf 82' lang='lat' dir='ltr'>Jerusalem</span> <span class='ocrx_word' id='word_1_154' title='bbox 1589 2453 1651 2514; x_wconf 86' lang='lat' dir='ltr'>per</span> 
     </span>
     <span class='ocr_line' id='line_1_19' title="bbox 250 2521 1649 2600; baseline 0.004 -19"><span class='ocrx_word' id='word_1_155' title='bbox 250 2521 410 2584; x_wconf 85' lang='lat' dir='ltr'>diversas</span> <span class='ocrx_word' id='word_1_156' title='bbox 434 2522 554 2584; x_wconf 92' lang='lat' dir='ltr'>mundi</span> <span class='ocrx_word' id='word_1_157' title='bbox 576 2538 704 2600; x_wconf 84' lang='lat' dir='ltr'>partes.</span> <span class='ocrx_word' id='word_1_158' title='bbox 737 2522 824 2585; x_wconf 90' lang='lat' dir='ltr'>Item</span> <span class='ocrx_word' id='word_1_159' title='bbox 846 2523 1028 2587; x_wconf 85' lang='lat' dir='ltr'>Tractatus</span> <span class='ocrx_word' id='word_1_160' title='bbox 1053 2525 1095 2586; x_wconf 90' lang='lat' dir='ltr'>de</span> <span class='ocrx_word' id='word_1_161' title='bbox 1125 2525 1245 2587; x_wconf 88' lang='lat' dir='ltr'>decem</span> <span class='ocrx_word' id='word_1_162' title='bbox 1268 2523 1467 2585; x_wconf 90' lang='lat' dir='ltr'>nationibus</span> <span class='ocrx_word' id='word_1_163' title='bbox 1492 2523 1649 2586; x_wconf 87' lang='lat' dir='ltr'>christia-</span> 
     </span>
     <span class='ocr_line' id='line_1_20' title="bbox 250 2608 1648 2672; baseline 0.001 -4"><span class='ocrx_word' id='word_1_164' title='bbox 250 2625 386 2670; x_wconf 88' lang='lat' dir='ltr'>norum.</span> <span class='ocrx_word' id='word_1_165' title='bbox 414 2610 470 2670; x_wconf 64' lang='lat' dir='ltr'>»a</span> <span class='ocrx_word' id='word_1_166' title='bbox 495 2610 525 2670; x_wconf 93' lang='lat' dir='ltr'>d.</span> <span class='ocrx_word' id='word_1_167' title='bbox 554 2609 636 2671; x_wconf 87' lang='grc'><strong>1389</strong></span> <span class='ocrx_word' id='word_1_168' title='bbox 658 2608 827 2671; x_wconf 82' lang='lat' dir='ltr'>Iohannes</span> <span class='ocrx_word' id='word_1_169' title='bbox 851 2611 892 2672; x_wconf 89' lang='lat' dir='ltr'>de</span> <span class='ocrx_word' id='word_1_170' title='bbox 916 2609 1022 2672; x_wconf 86' lang='lat' dir='ltr'>Hese‹</span> <span class='ocrx_word' id='word_1_171' title='bbox 1052 2613 1082 2666; x_wconf 75' lang='lat'>&gt;&lt;</span> <span class='ocrx_word' id='word_1_172' title='bbox 1110 2612 1170 2670; x_wconf 83' lang='lat' dir='ltr'>»ad</span> <span class='ocrx_word' id='word_1_173' title='bbox 1195 2627 1293 2671; x_wconf 89' lang='lat' dir='ltr'>unam</span> <span class='ocrx_word' id='word_1_174' title='bbox 1317 2611 1416 2672; x_wconf 86' lang='lat' dir='ltr'>fidem</span> <span class='ocrx_word' id='word_1_175' title='bbox 1440 2616 1472 2670; x_wconf 90' lang='lat' dir='ltr'>et</span> <span class='ocrx_word' id='word_1_176' title='bbox 1494 2611 1648 2671; x_wconf 90' lang='lat' dir='ltr'>obedien-</span> 
     </span>
     <span class='ocr_line' id='line_1_21' title="bbox 250 2695 1607 2774; baseline 0.002 -19"><span class='ocrx_word' id='word_1_177' title='bbox 250 2698 333 2756; x_wconf 87' lang='lat' dir='ltr'>ciam</span> <span class='ocrx_word' id='word_1_178' title='bbox 358 2712 490 2756; x_wconf 88' lang='lat' dir='ltr'>romane</span> <span class='ocrx_word' id='word_1_179' title='bbox 514 2698 651 2757; x_wconf 89' lang='lat' dir='ltr'>ecclesie</span> <span class='ocrx_word' id='word_1_180' title='bbox 676 2697 914 2758; x_wconf 82' lang='lat' dir='ltr'>reduxissent«</span> <span class='ocrx_word' id='word_1_181' title='bbox 940 2697 1004 2774; x_wconf 87' lang='lat' dir='ltr'>(CI.</span> <span class='ocrx_word' id='word_1_182' title='bbox 1030 2697 1193 2770; x_wconf 80' lang='lat' dir='ltr'>Ronncht,</span> <span class='ocrx_word' id='word_1_183' title='bbox 1218 2696 1299 2757; x_wconf 93' lang='lat' dir='ltr'>Bibl.</span> <span class='ocrx_word' id='word_1_184' title='bbox 1323 2697 1460 2758; x_wconf 90' lang='lat' dir='ltr'>Palaest.</span> <span class='ocrx_word' id='word_1_185' title='bbox 1486 2714 1516 2774; x_wconf 92' lang='lat' dir='ltr'>p.</span> <span class='ocrx_word' id='word_1_186' title='bbox 1541 2695 1607 2774; x_wconf 82' lang='lat'>92.)</span> 
     </span>
    </p>

    <p class='ocr_par' dir='ltr' id='par_1_10' title="bbox 250 2780 1650 2946">
     <span class='ocr_line' id='line_1_22' title="bbox 358 2780 1650 2862; baseline 0.002 -21"><span class='ocrx_word' id='word_1_187' title='bbox 358 2781 379 2842; x_wconf 92' lang='lat' dir='ltr'>i.</span> <span class='ocrx_word' id='word_1_188' title='bbox 408 2780 565 2842; x_wconf 69' lang='grc' dir='ltr'>121--14ι</span> <span class='ocrx_word' id='word_1_189' title='bbox 597 2782 755 2860; x_wconf 83' lang='lat' dir='ltr'>Epistola</span> <span class='ocrx_word' id='word_1_190' title='bbox 786 2782 961 2846; x_wconf 79' lang='lat' dir='ltr'>Iohannis</span> <span class='ocrx_word' id='word_1_191' title='bbox 995 2784 1136 2847; x_wconf 89' lang='lat' dir='ltr'>Soldani</span> <span class='ocrx_word' id='word_1_192' title='bbox 1170 2782 1441 2862; x_wconf 86' lang='lat' dir='ltr'>Babyloniorum</span> <span class='ocrx_word' id='word_1_193' title='bbox 1474 2783 1517 2843; x_wconf 90' lang='lat' dir='ltr'>ad</span> <span class='ocrx_word' id='word_1_194' title='bbox 1549 2782 1650 2845; x_wconf 88' lang='lat' dir='ltr'>Pium</span> 
     </span>
     <span class='ocr_line' id='line_1_23' title="bbox 250 2867 435 2946; baseline -0.005 -17"><span class='ocrx_word' id='word_1_195' title='bbox 250 2884 374 2946; x_wconf 89' lang='lat' dir='ltr'>papam</span> <span class='ocrx_word' id='word_1_196' title='bbox 397 2867 435 2929; x_wconf 92' lang='lat'>11.</span> 
     </span>
    </p>

    <p class='ocr_par' dir='ltr' id='par_1_11' title="bbox 251 2951 1649 3106">
     <span class='ocr_line' id='line_1_24' title="bbox 358 2951 1649 3035; baseline 0 -19"><span class='ocrx_word' id='word_1_197' title='bbox 358 2955 378 3017; x_wconf 83' lang='lat' dir='ltr'>f.</span> <span class='ocrx_word' id='word_1_198' title='bbox 407 2951 567 3016; x_wconf 72' lang='lat' dir='ltr'>14⁸-16b</span> <span class='ocrx_word' id='word_1_199' title='bbox 592 2954 646 3016; x_wconf 81' lang='lat' dir='ltr'>l‘ii</span> <span class='ocrx_word' id='word_1_200' title='bbox 669 2954 698 3016; x_wconf 92' lang='lat'>11</span> <span class='ocrx_word' id='word_1_201' title='bbox 719 2953 876 3033; x_wconf 88' lang='lat' dir='ltr'>Epistola</span> <span class='ocrx_word' id='word_1_202' title='bbox 900 2957 1126 3035; x_wconf 88' lang='lat' dir='ltr'>responsoria</span> <span class='ocrx_word' id='word_1_203' title='bbox 1156 2957 1199 3018; x_wconf 92' lang='lat' dir='ltr'>ad</span> <span class='ocrx_word' id='word_1_204' title='bbox 1222 2956 1413 3018; x_wconf 89' lang='lat' dir='ltr'>Soldanum</span> <span class='ocrx_word' id='word_1_205' title='bbox 1445 2955 1522 3015; x_wconf 87' lang='lat' dir='ltr'>data</span> <span class='ocrx_word' id='word_1_206' title='bbox 1553 2954 1649 3017; x_wconf 87' lang='lat' dir='ltr'>Senis</span> 
     </span>
     <span class='ocr_line' id='line_1_25' title="bbox 251 3041 602 3106; baseline 0.006 -6"><span class='ocrx_word' id='word_1_207' title='bbox 251 3041 279 3100; x_wconf 89' lang='lat' dir='ltr'>V</span> <span class='ocrx_word' id='word_1_208' title='bbox 303 3044 366 3106; x_wconf 86' lang='lat' dir='ltr'>kal.</span> <span class='ocrx_word' id='word_1_209' title='bbox 390 3041 483 3102; x_wconf 88' lang='lat' dir='ltr'>Mart.</span> <span class='ocrx_word' id='word_1_210' title='bbox 512 3041 602 3102; x_wconf 88' lang='grc'><strong>1460.</strong></span> 
     </span>
    </p>
   </div>
   <div class='ocr_carea' id='block_1_8' title="bbox 250 3149 1647 3394">
    <p class='ocr_par' dir='ltr' id='par_1_12' title="bbox 250 3149 1647 3394">
     <span class='ocr_line' id='line_1_26' title="bbox 354 3149 1646 3222; baseline 0.002 -20"><span class='ocrx_word' id='word_1_211' title='bbox 354 3149 477 3206; x_wconf 88' lang='lat' dir='ltr'>Videtur</span> <span class='ocrx_word' id='word_1_212' title='bbox 498 3164 564 3204; x_wconf 87' lang='lat' dir='ltr'>esse</span> <span class='ocrx_word' id='word_1_213' title='bbox 588 3152 788 3221; x_wconf 82' lang='lat' dir='ltr'>apographum</span> <span class='ocrx_word' id='word_1_214' title='bbox 812 3151 988 3222; x_wconf 87' lang='lat' dir='ltr'>exemplaris</span> <span class='ocrx_word' id='word_1_215' title='bbox 1012 3151 1091 3222; x_wconf 89' lang='lat' dir='ltr'>typis</span> <span class='ocrx_word' id='word_1_216' title='bbox 1114 3153 1184 3206; x_wconf 90' lang='lat' dir='ltr'>editi</span> <span class='ocrx_word' id='word_1_217' title='bbox 1207 3167 1231 3208; x_wconf 89' lang='lat' dir='ltr'>s.</span> <span class='ocrx_word' id='word_1_218' title='bbox 1255 3152 1274 3208; x_wconf 87' lang='lat' dir='ltr'>l.</span> <span class='ocrx_word' id='word_1_219' title='bbox 1299 3157 1327 3205; x_wconf 91' lang='lat' dir='ltr'>et</span> <span class='ocrx_word' id='word_1_220' title='bbox 1350 3165 1376 3207; x_wconf 84' lang='lat' dir='ltr'>a,</span> <span class='ocrx_word' id='word_1_221' title='bbox 1399 3180 1444 3190; x_wconf 93' lang='lat'>—</span> <span class='ocrx_word' id='word_1_222' title='bbox 1467 3149 1546 3205; x_wconf 88' lang='lat' dir='ltr'>cirea</span> <span class='ocrx_word' id='word_1_223' title='bbox 1566 3150 1646 3206; x_wconf 89' lang='grc'><strong>1480</strong></span> 
     </span>
     <span class='ocr_line' id='line_1_27' title="bbox 250 3235 1647 3294; baseline -0.001 -1"><span class='ocrx_word' id='word_1_224' title='bbox 250 3247 278 3293; x_wconf 89' lang='lat' dir='ltr'>et</span> <span class='ocrx_word' id='word_1_225' title='bbox 301 3237 415 3293; x_wconf 88' lang='lat' dir='ltr'>modice</span> <span class='ocrx_word' id='word_1_226' title='bbox 440 3238 600 3291; x_wconf 88' lang='lat' dir='ltr'>coneordat</span> <span class='ocrx_word' id='word_1_227' title='bbox 623 3252 690 3291; x_wconf 90' lang='lat' dir='ltr'>cum</span> <span class='ocrx_word' id='word_1_228' title='bbox 713 3244 794 3292; x_wconf 85' lang='lat' dir='ltr'>textu</span> <span class='ocrx_word' id='word_1_229' title='bbox 818 3238 958 3293; x_wconf 90' lang='lat' dir='ltr'>librorum</span> <span class='ocrx_word' id='word_1_230' title='bbox 982 3245 1149 3294; x_wconf 90' lang='lat' dir='ltr'>nostrorum</span> <span class='ocrx_word' id='word_1_231' title='bbox 1174 3237 1225 3294; x_wconf 91' lang='grc'>44.</span> <span class='ocrx_word' id='word_1_232' title='bbox 1251 3237 1285 3292; x_wconf 91' lang='lat' dir='ltr'>G.</span> <span class='ocrx_word' id='word_1_233' title='bbox 1311 3237 1381 3293; x_wconf 83' lang='lat'>211.</span> <span class='ocrx_word' id='word_1_234' title='bbox 1418 3240 1429 3291; x_wconf 96' lang='grc'><strong>1</strong></span> <span class='ocrx_word' id='word_1_235' title='bbox 1464 3243 1491 3293; x_wconf 88' lang='lat' dir='ltr'>et</span> <span class='ocrx_word' id='word_1_236' title='bbox 1526 3237 1577 3294; x_wconf 89' lang='grc'>44.</span> <span class='ocrx_word' id='word_1_237' title='bbox 1614 3235 1647 3292; x_wconf 90' lang='lat' dir='ltr'>G.</span> 
     </span>
     <span class='ocr_line' id='line_1_28' title="bbox 250 3321 1309 3394; baseline -0.001 -16"><span class='ocrx_word' id='word_1_238' title='bbox 250 3325 289 3380; x_wconf 83' lang='grc'>47</span> <span class='ocrx_word' id='word_1_239' title='bbox 316 3341 343 3381; x_wconf 92' lang='lat' dir='ltr'>n.</span> <span class='ocrx_word' id='word_1_240' title='bbox 371 3325 398 3380; x_wconf 88' lang='lat'>2.</span> <span class='ocrx_word' id='word_1_241' title='bbox 424 3321 526 3378; x_wconf 83' lang='lat' dir='ltr'>Codex</span> <span class='ocrx_word' id='word_1_242' title='bbox 549 3322 619 3378; x_wconf 93' lang='lat' dir='ltr'>olim</span> <span class='ocrx_word' id='word_1_243' title='bbox 644 3323 793 3394; x_wconf 86' lang='lat' dir='ltr'>adligatus</span> <span class='ocrx_word' id='word_1_244' title='bbox 815 3331 879 3379; x_wconf 84' lang='lat' dir='ltr'>erat</span> <span class='ocrx_word' id='word_1_245' title='bbox 900 3325 976 3381; x_wconf 91' lang='lat' dir='ltr'>libro</span> <span class='ocrx_word' id='word_1_246' title='bbox 999 3331 1101 3380; x_wconf 90' lang='lat' dir='ltr'>nostro</span> <span class='ocrx_word' id='word_1_247' title='bbox 1128 3325 1176 3381; x_wconf 84' lang='lat'>50.</span> <span class='ocrx_word' id='word_1_248' title='bbox 1201 3324 1234 3383; x_wconf 91' lang='lat' dir='ltr'>B.</span> <span class='ocrx_word' id='word_1_249' title='bbox 1260 3324 1309 3380; x_wconf 84' lang='grc'><strong>81.</strong></span> 
     </span>
    </p>
   </div>
   <div class='ocr_carea' id='block_1_9' title="bbox 248 3473 1429 3679">
    <p class='ocr_par' dir='ltr' id='par_1_13' title="bbox 248 3473 1429 3679">
     <span class='ocr_line' id='line_1_29' title="bbox 355 3473 1069 3553; baseline -0.007 0"><span class='ocrx_word' id='word_1_250' title='bbox 355 3473 365 3553; x_wconf 91' lang='lat' dir='ltr'>l</span> <span class='ocrx_word' id='word_1_251' title='bbox 878 3473 938 3550; x_wconf 93' lang='lat' dir='ltr'>VI.</span> <span class='ocrx_word' id='word_1_252' title='bbox 967 3475 1005 3552; x_wconf 89' lang='lat' dir='ltr'>F.</span> <span class='ocrx_word' id='word_1_253' title='bbox 1034 3476 1069 3550; x_wconf 92' lang='grc' dir='ltr'>Ι.</span> 
     </span>
     <span class='ocr_line' id='line_1_30' title="bbox 248 3473 1429 3679; baseline -0.004 -18"><span class='ocrx_word' id='word_1_254' title='bbox 248 3473 467 3661; x_wconf 52' lang='grc' dir='ltr'><strong>011ον113080.</strong></span> <span class='ocrx_word' id='word_1_255' title='bbox 490 3596 615 3658; x_wconf 88' lang='lat' dir='ltr'><em>XVIII</em></span> <span class='ocrx_word' id='word_1_256' title='bbox 632 3597 718 3678; x_wconf 76' lang='lat' dir='ltr'>(post</span> <span class='ocrx_word' id='word_1_257' title='bbox 739 3616 771 3658; x_wconf 88' lang='grc' dir='ltr'>α.</span> <span class='ocrx_word' id='word_1_258' title='bbox 795 3597 894 3669; x_wconf 87' lang='grc'><strong>1712)</strong></span> <span class='ocrx_word' id='word_1_259' title='bbox 908 3597 954 3679; x_wconf 91' lang='lat' dir='ltr'>ff.</span> <span class='ocrx_word' id='word_1_260' title='bbox 977 3596 1051 3674; x_wconf 77' lang='lat'><em>147,</em></span> <span class='ocrx_word' id='word_1_261' title='bbox 1068 3597 1315 3660; x_wconf 76' lang='lat' dir='ltr'>22·5&gt;&lt;170m.</span> <span class='ocrx_word' id='word_1_262' title='bbox 1339 3596 1357 3657; x_wconf 90' lang='lat'><strong><em>1</em></strong></span> <span class='ocrx_word' id='word_1_263' title='bbox 1384 3614 1429 3656; x_wconf 90' lang='lat' dir='ltr'>m.</span> 
     </span>
    </p>
   </div>
   <div class='ocr_carea' id='block_1_10' title="bbox 248 3697 1649 4558">
    <p class='ocr_par' dir='ltr' id='par_1_14' title="bbox 248 3697 1649 4370">
     <span class='ocr_line' id='line_1_31' title="bbox 248 3697 1646 3779; baseline -0.006 -12"><span class='ocrx_word' id='word_1_264' title='bbox 248 3704 343 3767; x_wconf 88' lang='lat' dir='ltr'>Petri</span> <span class='ocrx_word' id='word_1_265' title='bbox 366 3701 531 3765; x_wconf 88' lang='lat' dir='ltr'>Bourdon</span> <span class='ocrx_word' id='word_1_266' title='bbox 556 3699 824 3779; x_wconf 86' lang='lat' dir='ltr'>Privilegiorum</span> <span class='ocrx_word' id='word_1_267' title='bbox 848 3708 883 3763; x_wconf 90' lang='lat' dir='ltr'>et</span> <span class='ocrx_word' id='word_1_268' title='bbox 905 3701 1103 3764; x_wconf 89' lang='lat' dir='ltr'>libertatum</span> <span class='ocrx_word' id='word_1_269' title='bbox 1127 3699 1221 3764; x_wconf 92' lang='lat' dir='ltr'>Cleri</span> <span class='ocrx_word' id='word_1_270' title='bbox 1244 3700 1446 3763; x_wconf 89' lang='lat' dir='ltr'>Secundarii</span> <span class='ocrx_word' id='word_1_271' title='bbox 1481 3697 1646 3760; x_wconf 87' lang='lat' dir='ltr'>Leodien-</span> 
     </span>
     <span class='ocr_line' id='line_1_32' title="bbox 250 3785 1648 3866; baseline -0.005 -13"><span class='ocrx_word' id='word_1_272' title='bbox 250 3791 303 3853; x_wconf 88' lang='lat' dir='ltr'>sis</span> <span class='ocrx_word' id='word_1_273' title='bbox 328 3806 392 3852; x_wconf 90' lang='lat' dir='ltr'>nec</span> <span class='ocrx_word' id='word_1_274' title='bbox 416 3805 486 3851; x_wconf 94' lang='lat' dir='ltr'>non</span> <span class='ocrx_word' id='word_1_275' title='bbox 509 3805 640 3864; x_wconf 89' lang='lat' dir='ltr'>eorum,</span> <span class='ocrx_word' id='word_1_276' title='bbox 664 3795 848 3866; x_wconf 76' lang='lat' dir='ltr'>quaeram</span> <span class='ocrx_word' id='word_1_277' title='bbox 872 3804 917 3850; x_wconf 84' lang='lat' dir='ltr'>ex</span> <span class='ocrx_word' id='word_1_278' title='bbox 940 3788 1090 3850; x_wconf 86' lang='lat' dir='ltr'>adverso</span> <span class='ocrx_word' id='word_1_279' title='bbox 1113 3804 1216 3865; x_wconf 86' lang='lat' dir='ltr'>quam</span> <span class='ocrx_word' id='word_1_280' title='bbox 1240 3804 1303 3864; x_wconf 91' lang='lat' dir='ltr'>pro</span> <span class='ocrx_word' id='word_1_281' title='bbox 1334 3787 1405 3848; x_wconf 87' lang='lat' dir='ltr'>illis</span> <span class='ocrx_word' id='word_1_282' title='bbox 1438 3785 1577 3847; x_wconf 86' lang='lat' dir='ltr'>tuendis</span> <span class='ocrx_word' id='word_1_283' title='bbox 1613 3785 1648 3846; x_wconf 95' lang='lat' dir='ltr'>in</span> 
     </span>
     <span class='ocr_line' id='line_1_33' title="bbox 249 3873 1649 3953; baseline -0.006 -14"><span class='ocrx_word' id='word_1_284' title='bbox 249 3881 342 3940; x_wconf 88' lang='lat' dir='ltr'>hunc</span> <span class='ocrx_word' id='word_1_285' title='bbox 365 3892 475 3953; x_wconf 86' lang='lat' dir='ltr'>usque</span> <span class='ocrx_word' id='word_1_286' title='bbox 499 3875 591 3938; x_wconf 88' lang='lat' dir='ltr'>diem</span> <span class='ocrx_word' id='word_1_287' title='bbox 614 3874 762 3937; x_wconf 87' lang='lat' dir='ltr'>subinde</span> <span class='ocrx_word' id='word_1_288' title='bbox 783 3881 886 3952; x_wconf 80' lang='lat' dir='ltr'>gesta</span> <span class='ocrx_word' id='word_1_289' title='bbox 906 3884 999 3951; x_wconf 87' lang='lat' dir='ltr'>sunt,</span> <span class='ocrx_word' id='word_1_290' title='bbox 1023 3877 1140 3937; x_wconf 84' lang='lat' dir='ltr'>brevis</span> <span class='ocrx_word' id='word_1_291' title='bbox 1163 3873 1326 3936; x_wconf 85' lang='lat' dir='ltr'>narratio.</span> <span class='ocrx_word' id='word_1_292' title='bbox 1358 3875 1409 3934; x_wconf 82' lang='lat' dir='ltr'>Ad</span> <span class='ocrx_word' id='word_1_293' title='bbox 1445 3878 1649 3951; x_wconf 89' lang='lat' dir='ltr'>posterorum</span> 
     </span>
     <span class='ocr_line' id='line_1_34' title="bbox 248 3960 1646 4041; baseline -0.005 -16"><span class='ocrx_word' id='word_1_294' title='bbox 248 3969 503 4034; x_wconf 84' lang='lat' dir='ltr'>instructionem,</span> <span class='ocrx_word' id='word_1_295' title='bbox 528 3964 706 4024; x_wconf 88' lang='lat' dir='ltr'>eorundem</span> <span class='ocrx_word' id='word_1_296' title='bbox 731 3965 968 4041; x_wconf 85' lang='lat' dir='ltr'>privilegiorum</span> <span class='ocrx_word' id='word_1_297' title='bbox 991 3979 1030 4023; x_wconf 88' lang='lat' dir='ltr'>ac</span> <span class='ocrx_word' id='word_1_298' title='bbox 1055 3964 1235 4024; x_wconf 83' lang='lat' dir='ltr'>libertatum</span> <span class='ocrx_word' id='word_1_299' title='bbox 1260 3964 1301 4038; x_wconf 89' lang='lat' dir='ltr'>(si</span> <span class='ocrx_word' id='word_1_300' title='bbox 1325 3960 1406 4022; x_wconf 83' lang='lat' dir='ltr'>forte</span> <span class='ocrx_word' id='word_1_301' title='bbox 1425 3961 1563 4038; x_wconf 86' lang='lat' dir='ltr'>posthac</span> <span class='ocrx_word' id='word_1_302' title='bbox 1580 3976 1646 4019; x_wconf 91' lang='lat' dir='ltr'>rur-</span> 
     </span>
     <span class='ocr_line' id='line_1_35' title="bbox 249 4047 1649 4128; baseline -0.005 -16"><span class='ocrx_word' id='word_1_303' title='bbox 249 4070 308 4113; x_wconf 88' lang='lat' dir='ltr'>sus</span> <span class='ocrx_word' id='word_1_304' title='bbox 332 4052 575 4128; x_wconf 85' lang='lat' dir='ltr'>impugnentur)</span> <span class='ocrx_word' id='word_1_305' title='bbox 606 4061 824 4128; x_wconf 89' lang='lat' dir='ltr'>opportunam</span> <span class='ocrx_word' id='word_1_306' title='bbox 859 4047 1086 4110; x_wconf 82' lang='lat' dir='ltr'>defensionem</span> <span class='ocrx_word' id='word_1_307' title='bbox 1117 4049 1253 4111; x_wconf 83' lang='lat' dir='ltr'>fideliter</span> <span class='ocrx_word' id='word_1_308' title='bbox 1274 4052 1461 4126; x_wconf 87' lang='lat' dir='ltr'>conscripta</span> <span class='ocrx_word' id='word_1_309' title='bbox 1483 4063 1503 4106; x_wconf 93' lang='lat' dir='ltr'>a</span> <span class='ocrx_word' id='word_1_310' title='bbox 1525 4050 1649 4118; x_wconf 86' lang='lat' dir='ltr'>(cetera</span> 
     </span>
     <span class='ocr_line' id='line_1_36' title="bbox 249 4133 1648 4214; baseline -0.004 -15"><span class='ocrx_word' id='word_1_311' title='bbox 249 4140 370 4200; x_wconf 89' lang='lat' dir='ltr'>desunt</span> <span class='ocrx_word' id='word_1_312' title='bbox 391 4138 468 4198; x_wconf 93' lang='lat' dir='ltr'>iolio</span> <span class='ocrx_word' id='word_1_313' title='bbox 492 4141 648 4197; x_wconf 88' lang='lat' dir='ltr'>truncato.</span> <span class='ocrx_word' id='word_1_314' title='bbox 673 4133 802 4197; x_wconf 91' lang='lat' dir='ltr'>Nomen</span> <span class='ocrx_word' id='word_1_315' title='bbox 824 4139 969 4196; x_wconf 87' lang='lat' dir='ltr'>auctoris</span> <span class='ocrx_word' id='word_1_316' title='bbox 992 4153 1010 4195; x_wconf 90' lang='lat' dir='ltr'>e</span> <span class='ocrx_word' id='word_1_317' title='bbox 1034 4137 1273 4214; x_wconf 89' lang='lat' dir='ltr'>subscriptione</span> <span class='ocrx_word' id='word_1_318' title='bbox 1297 4137 1458 4196; x_wconf 90' lang='lat' dir='ltr'>literarum</span> <span class='ocrx_word' id='word_1_319' title='bbox 1483 4133 1648 4193; x_wconf 90' lang='lat' dir='ltr'>dedicato·</span> 
     </span>
     <span class='ocr_line' id='line_1_37' title="bbox 249 4222 1644 4302; baseline -0.006 -16"><span class='ocrx_word' id='word_1_320' title='bbox 249 4231 367 4286; x_wconf 91' lang='lat' dir='ltr'>riarum</span> <span class='ocrx_word' id='word_1_321' title='bbox 392 4225 599 4298; x_wconf 82' lang='lat' dir='ltr'>sumsimus).</span> <span class='ocrx_word' id='word_1_322' title='bbox 623 4224 741 4284; x_wconf 85' lang='lat' dir='ltr'>Annus</span> <span class='ocrx_word' id='word_1_323' title='bbox 765 4226 968 4283; x_wconf 88' lang='lat' dir='ltr'>novissimus</span> <span class='ocrx_word' id='word_1_324' title='bbox 992 4223 1205 4302; x_wconf 88' lang='lat' dir='ltr'>diplomatum</span> <span class='ocrx_word' id='word_1_325' title='bbox 1239 4227 1270 4282; x_wconf 92' lang='lat' dir='ltr'>et</span> <span class='ocrx_word' id='word_1_326' title='bbox 1304 4222 1577 4282; x_wconf 90' lang='lat' dir='ltr'>documentorum</span> <span class='ocrx_word' id='word_1_327' title='bbox 1613 4224 1644 4279; x_wconf 95' lang='lat' dir='ltr'>in</span> 
     </span>
     <span class='ocr_line' id='line_1_38' title="bbox 680 4309 1213 4370; baseline 0 -2"><span class='ocrx_word' id='word_1_328' title='bbox 680 4310 759 4370; x_wconf 92' lang='lat' dir='ltr'>libro</span> <span class='ocrx_word' id='word_1_329' title='bbox 783 4313 1020 4370; x_wconf 90' lang='lat' dir='ltr'>occurrentium</span> <span class='ocrx_word' id='word_1_330' title='bbox 1044 4315 1096 4370; x_wconf 92' lang='lat' dir='ltr'>est</span> <span class='ocrx_word' id='word_1_331' title='bbox 1123 4309 1213 4370; x_wconf 81' lang='grc'><strong>1712.</strong></span> 
     </span>
    </p>

    <p class='ocr_par' dir='ltr' id='par_1_15' title="bbox 352 4397 1646 4471">
     <span class='ocr_line' id='line_1_39' title="bbox 352 4397 1646 4471; baseline -0.004 -15"><span class='ocrx_word' id='word_1_332' title='bbox 352 4402 384 4456; x_wconf 83' lang='grc'><strong>10</strong></span> <span class='ocrx_word' id='word_1_333' title='bbox 408 4401 458 4456; x_wconf 86' lang='grc'><strong>101.</strong></span> <span class='ocrx_word' id='word_1_334' title='bbox 483 4400 643 4471; x_wconf 86' lang='lat' dir='ltr'>praeligato</span> <span class='ocrx_word' id='word_1_335' title='bbox 666 4401 849 4471; x_wconf 89' lang='lat' dir='ltr'>possessoris</span> <span class='ocrx_word' id='word_1_336' title='bbox 874 4415 982 4455; x_wconf 89' lang='lat' dir='ltr'>nomen</span> <span class='ocrx_word' id='word_1_337' title='bbox 1006 4407 1067 4455; x_wconf 87' lang='lat' dir='ltr'>est:</span> <span class='ocrx_word' id='word_1_338' title='bbox 1095 4399 1140 4456; x_wconf 81' lang='lat' dir='ltr'>»J.</span> <span class='ocrx_word' id='word_1_339' title='bbox 1166 4398 1214 4456; x_wconf 86' lang='lat' dir='ltr'>W.</span> <span class='ocrx_word' id='word_1_340' title='bbox 1238 4414 1297 4453; x_wconf 88' lang='lat' dir='ltr'>von</span> <span class='ocrx_word' id='word_1_341' title='bbox 1321 4397 1428 4454; x_wconf 78' lang='lat' dir='ltr'>Horat«</span> <span class='ocrx_word' id='word_1_342' title='bbox 1454 4405 1483 4452; x_wconf 91' lang='lat' dir='ltr'>et</span> <span class='ocrx_word' id='word_1_343' title='bbox 1498 4397 1646 4468; x_wconf 90' lang='lat' dir='ltr'>precium:</span> 
     </span>
    </p>

    <p class='ocr_par' dir='ltr' id='par_1_16' title="bbox 251 4487 668 4558">
     <span class='ocr_line' id='line_1_40' title="bbox 251 4487 668 4558; baseline -0.01 -13"><span class='ocrx_word' id='word_1_344' title='bbox 251 4505 337 4545; x_wconf 80' lang='lat' dir='ltr'>»con</span> <span class='ocrx_word' id='word_1_345' title='bbox 362 4491 381 4544; x_wconf 88' lang='grc'><strong>4</strong></span> <span class='ocrx_word' id='word_1_346' title='bbox 405 4488 475 4543; x_wconf 89' lang='lat' dir='ltr'>e&#39;cus</span> <span class='ocrx_word' id='word_1_347' title='bbox 499 4487 668 4558; x_wconf 85' lang='lat' dir='ltr'>d&#39;empire.«</span> 
     </span>
    </p>
   </div>
   <div class='ocr_carea' id='block_1_11' title="bbox 247 4600 1461 4806">
    <p class='ocr_par' dir='ltr' id='par_1_17' title="bbox 247 4600 1461 4806">
     <span class='ocr_line' id='line_1_41' title="bbox 869 4600 1059 4677; baseline 0.005 -3"><span class='ocrx_word' id='word_1_348' title='bbox 869 4600 927 4677; x_wconf 92' lang='lat' dir='ltr'>VI.</span> <span class='ocrx_word' id='word_1_349' title='bbox 954 4602 995 4676; x_wconf 87' lang='lat' dir='ltr'>F.</span> <span class='ocrx_word' id='word_1_350' title='bbox 1022 4601 1059 4675; x_wconf 87' lang='lat'>2.</span> 
     </span>
     <span class='ocr_line' id='line_1_42' title="bbox 247 4603 1461 4806; baseline -0.006 -15"><span class='ocrx_word' id='word_1_351' title='bbox 247 4605 366 4791; x_wconf 70' lang='lat' dir='ltr'>citari.¹</span> <span class='ocrx_word' id='word_1_352' title='bbox 376 4603 465 4790; x_wconf 61' lang='grc' dir='ltr'>130ῗο</span> <span class='ocrx_word' id='word_1_353' title='bbox 490 4724 636 4788; x_wconf 85' lang='lat' dir='ltr'><em>XV-X</em></span> <span class='ocrx_word' id='word_1_354' title='bbox 639 4724 686 4786; x_wconf 94' lang='lat' dir='ltr'>VI</span> <span class='ocrx_word' id='word_1_355' title='bbox 699 4725 739 4806; x_wconf 84' lang='lat' dir='ltr'>ff.</span> <span class='ocrx_word' id='word_1_356' title='bbox 761 4726 814 4798; x_wconf 82' lang='lat'>30,</span> <span class='ocrx_word' id='word_1_357' title='bbox 837 4725 877 4786; x_wconf 89' lang='lat'>21</span> <span class='ocrx_word' id='word_1_358' title='bbox 894 4725 933 4803; x_wconf 86' lang='lat'>&gt;&lt;</span> <span class='ocrx_word' id='word_1_359' title='bbox 946 4723 989 4787; x_wconf 84' lang='grc'><strong>14</strong></span> <span class='ocrx_word' id='word_1_360' title='bbox 1011 4741 1073 4785; x_wconf 89' lang='lat' dir='ltr'>cm.</span> <span class='ocrx_word' id='word_1_361' title='bbox 1094 4726 1112 4786; x_wconf 87' lang='lat'><em>1</em></span> <span class='ocrx_word' id='word_1_362' title='bbox 1138 4742 1182 4783; x_wconf 87' lang='lat' dir='ltr'>m.</span> <span class='ocrx_word' id='word_1_363' title='bbox 1210 4741 1288 4785; x_wconf 80' lang='lat' dir='ltr'>cum</span> <span class='ocrx_word' id='word_1_364' title='bbox 1306 4723 1461 4804; x_wconf 78' lang='lat' dir='ltr'>picturis</span> 
     </span>
    </p>
   </div>
   <div class='ocr_carea' id='block_1_12' title="bbox 462 4831 1426 4908">
    <p class='ocr_par' dir='ltr' id='par_1_18' title="bbox 462 4831 1426 4908">
     <span class='ocr_line' id='line_1_43' title="bbox 462 4831 1426 4908; baseline -0.002 -18"><span class='ocrx_word' id='word_1_365' title='bbox 462 4835 531 4891; x_wconf 83' lang='lat' dir='ltr'>Pars</span> <span class='ocrx_word' id='word_1_366' title='bbox 555 4851 652 4908; x_wconf 87' lang='lat' dir='ltr'>super.</span> <span class='ocrx_word' id='word_1_367' title='bbox 676 4833 726 4890; x_wconf 88' lang='lat' dir='ltr'>iol.</span> <span class='ocrx_word' id='word_1_368' title='bbox 755 4835 766 4890; x_wconf 96' lang='lat' dir='ltr'>l</span> <span class='ocrx_word' id='word_1_369' title='bbox 794 4831 888 4889; x_wconf 91' lang='lat' dir='ltr'>cultro</span> <span class='ocrx_word' id='word_1_370' title='bbox 913 4840 1025 4890; x_wconf 85' lang='lat' dir='ltr'>resecta</span> <span class='ocrx_word' id='word_1_371' title='bbox 1049 4839 1078 4887; x_wconf 89' lang='lat' dir='ltr'>et</span> <span class='ocrx_word' id='word_1_372' title='bbox 1101 4833 1204 4887; x_wconf 88' lang='lat' dir='ltr'>titulus</span> <span class='ocrx_word' id='word_1_373' title='bbox 1228 4832 1348 4887; x_wconf 90' lang='lat' dir='ltr'>mutilus</span> <span class='ocrx_word' id='word_1_374' title='bbox 1371 4838 1426 4888; x_wconf 88' lang='lat' dir='ltr'>est.</span> 
     </span>
    </p>
   </div>
   <div class='ocr_carea' id='block_1_13' title="bbox 245 4931 1647 5098">
    <p class='ocr_par' dir='ltr' id='par_1_19' title="bbox 245 4931 1647 5098">
     <span class='ocr_line' id='line_1_44' title="bbox 245 4931 1647 5013; baseline -0.006 -14"><span class='ocrx_word' id='word_1_375' title='bbox 245 4937 368 5000; x_wconf 76' lang='lat' dir='ltr'>iacobi</span> <span class='ocrx_word' id='word_1_376' title='bbox 391 4935 553 4998; x_wconf 86' lang='lat' dir='ltr'>Canteris</span> <span class='ocrx_word' id='word_1_377' title='bbox 575 4933 715 5013; x_wconf 88' lang='lat' dir='ltr'>Phrysii</span> <span class='ocrx_word' id='word_1_378' title='bbox 738 4933 833 4994; x_wconf 87' lang='lat' dir='ltr'>Rosa</span> <span class='ocrx_word' id='word_1_379' title='bbox 855 4931 1034 4994; x_wconf 89' lang='lat' dir='ltr'>Rosensis.</span> <span class='ocrx_word' id='word_1_380' title='bbox 1073 4931 1213 4994; x_wconf 87' lang='lat' dir='ltr'>Carmen</span> <span class='ocrx_word' id='word_1_381' title='bbox 1253 4933 1573 5009; x_wconf 88' lang='lat' dir='ltr'>dramatico-epicum</span> <span class='ocrx_word' id='word_1_382' title='bbox 1605 4931 1647 4990; x_wconf 91' lang='lat' dir='ltr'>ad</span> 
     </span>
     <span class='ocr_line' id='line_1_45' title="bbox 516 5018 1488 5098; baseline -0.006 -15"><span class='ocrx_word' id='word_1_383' title='bbox 516 5023 675 5083; x_wconf 90' lang='lat' dir='ltr'>honorem</span> <span class='ocrx_word' id='word_1_384' title='bbox 701 5019 840 5080; x_wconf 79' lang='lat' dir='ltr'>familiae</span> <span class='ocrx_word' id='word_1_385' title='bbox 865 5018 1126 5098; x_wconf 87' lang='lat' dir='ltr'>Rosenbergicae</span> <span class='ocrx_word' id='word_1_386' title='bbox 1149 5023 1381 5097; x_wconf 87' lang='lat' dir='ltr'>conscriptum.</span> <span class='ocrx_word' id='word_1_387' title='bbox 1486 5053 1488 5058; x_wconf 93' lang='lat'>-</span> 
     </span>
    </p>
   </div>
   <div class='ocr_carea' id='block_1_14' title="bbox 924 5245 975 5294">
    <p class='ocr_par' dir='ltr' id='par_1_20' title="bbox 924 5245 975 5294">
     <span class='ocr_line' id='line_1_46' title="bbox 924 5245 975 5294; baseline 0.02 -1"><span class='ocrx_word' id='word_1_388' title='bbox 924 5245 975 5294; x_wconf 81' lang='lat'>459</span> 
     </span>
    </p>
   </div>
   <div class='ocr_carea' id='block_1_15' title="bbox 0 0 2002 5954">
    <p class='ocr_par' dir='ltr' id='par_1_21' title="bbox 0 0 2002 5954">
     <span class='ocr_line' id='line_1_47' title="bbox 0 0 2002 5954; baseline 0 0"><span class='ocrx_word' id='word_1_389' title='bbox 0 0 2002 5954; x_wconf 95' lang='lat' dir='ltr'> </span> 
     </span>
    </p>
   </div>
  </div>
 </body>
</html>
