4004 5966
889 549 951 610 287

324 755 345 818 1.
373 755 567 818 too-171·
593 755 888 834 »Interrogaciones
911 759 1026 835 alique,
1051 775 1126 818 cum
1150 759 1269 836 quibus
1286 763 1522 840 interrogantur
1544 759 1611 820 Wi-

215 844 353 923 gletiste,
377 849 408 904 et
431 848 544 904 contra
566 859 679 904 eorum
704 848 938 922 responsiones
962 848 1070 906 statim
1094 848 1250 923 scripture
1273 847 1480 924 allegantur«

324 947 345 1009 i.
373 945 549 1009 172·-181
575 945 748 1010 Johannis
771 945 813 1007 de
835 945 1010 1009 Praibram
1040 947 1180 1024 Replica
1201 948 1237 1010 in
1260 949 1408 1012 coneilio
1424 949 1610 1012 Basiliensi

217 1039 339 1098 eontm
360 1033 555 1096 auditorem
576 1032 748 1096 Palomar.
772 1032 878 1106 (Initio
894 1039 1047 1113 excerpta
1069 1051 1111 1096 ex
1126 1034 1241 1096 eadem
1266 1053 1365 1098 manu
1390 1035 1504 1099 Crucis
1520 1036 1615 1110 lacta,

216 1139 236 1184 a
259 1121 279 1184 1.
308 1119 367 1182 173
390 1137 490 1182 manu
514 1125 617 1199 ipsius
640 1119 719 1192 :ioh
755 1119 795 1180 de
821 1117 867 1182 Pl.
892 1125 1100 1183 continuatur
1121 1126 1215 1190 actio,
1248 1129 1282 1184 ut
1305 1128 1336 1184 in
1360 1122 1464 1186 fronte
1487 1124 1612 1186 indicat

216 1209 351 1270 rubrica.
377 1205 442 1269 Sed
466 1213 498 1268 et
520 1208 595 1269 huic
619 1212 698 1286 parti
723 1211 842 1268 multae
867 1212 964 1268 notae
987 1207 1102 1269 Crucis
1125 1213 1264 1270 insertae
1289 1215 1390 1284 sunt).

325 1331 429 1388 ilicet
459 1339 614 1404 sequentes
644 1335 704 1388 duo
734 1334 852 1388 codices
876 1347 891 1386 e
915 1341 1042 1388 monast.
1065 1331 1189 1391 Tiebon.
1213 1337 1244 1389 in
1269 1335 1338 1392 bibl.
1362 1334 1608 1405 Rosenbergieam

217 1421 404 1488 devenerunt,
428 1421 505 1474 unde
529 1426 632 1490 postea
655 1421 780 1475 restituti
804 1426 874 1474 sunt
897 1425 1024 1476 monast.
1049 1426 1222 1478 restaurato.

322 1603 403 1686 286
825 1605 852 1682 I.
883 1605 927 1680 G.
956 1603 1042 1679 lib.

217 1747 326 1808 chart.
347 1761 435 1806 saec.
459 1743 707 1826 XIV-XVff.
731 1745 774 1806 44
797 1763 900 1808 rrum..
923 1745 1068 1806 23)(16
1090 1763 1152 1807 cm.
1176 1746 1197 1806 2
1220 1763 1264 1806 m.

328 1867 348 1928 1.
377 1861 494 1926 1-421
516 1863 666 1943 (Nicolai
687 1865 729 1928 de
754 1865 868 1943 Bibra)
892 1865 1042 1928 Carmen
1065 1867 1192 1928 occulti
1214 1866 1377 1929 auctoris.
1401 1866 1465 1940 (Ex
1480 1868 1542 1928 hoc
1559 1884 1612 1928 co-

220 1955 291 2016 diee
314 1953 399 2014 edid.
423 1969 452 2012 a.
488 1951 564 2013 1861
592 1951 713 2020 Η61111,
746 1955 871 2014 collatis
895 1955 1004 2014 multis
1038 1955 1109 2014 aliis
1132 1953 1205 2014 cod.
1230 1971 1258 2014 a.
1286 1953 1368 2014 1870
1390 1952 1451 2014 Th.
1477 1953 1610 2015 Fischer

219 2046 251 2104 in
275 2039 600 2118 Geschichtsquellen
624 2039 682 2100 der
704 2039 841 2100 Provinz
865 2038 1014 2100 Sachsen
1038 2039 1059 2101 l.
1085 2039 1160 2114 Bd.)

328 2160 349 2223 1.
372 2161 528 2221 43·-44·
549 2164 707 2234 (anepigr.)
730 2159 870 2221 Bieinus
894 2159 937 2222 de
960 2160 1150 2222 miserabili
1165 2165 1259 2222 statu
1276 2164 1527 2224 monachorum
1545 2179 1614 2223 non

220 2248 491 2311 mendicantium
515 2263 655 2309 carmen
678 2246 913 2325 rhythmicum
943 2252 1116 2326 incipiens:
1155 2245 1259 2308 »Olim
1289 2253 1438 2309 nostrum
1469 2248 1616 2309 ordinem

220 2339 382 2416 principes
405 2336 590 2396 amabant«.
615 2333 722 2407 (Edid.
757 2333 879 2411 Leyser
913 2339 943 2394 in
979 2333 1060 2394 Hist.
1095 2337 1178 2413 po'e't.
1211 2334 1295 2395 med.
1327 2340 1397 2395 aevi
1422 2353 1451 2414 p.
1481 2334 1561 2394 1125
1585 2340 1617 2395 11

219 2421 342 2498 Holler,
377 2420 492 2500 Script.
518 2439 575 2482 rer.
601 2423 674 2481 hus
698 2419 732 2487 ll,
756 2419 808 2484 58.
833 2420 873 2480 ct.
899 2419 1031 2481 Fabricii
1055 2419 1134 2480 Bibl.
1160 2421 1244 2482 med.
1270 2429 1301 2482 et
1324 2422 1376 2482 int.
1403 2424 1454 2483 lat.
1479 2421 1499 2488 l,
1526 2421 1618 2494 246).

325 2611 408 2694 287
826 2609 855 2684 l.
886 2609 930 2684 G.
959 2609 1038 2684 IIc.

221 2752 329 2814 chari.
352 2769 439 2812 saec.
463 2748 585 2832 XVff.
608 2750 801 2824 1701111111,
833 2750 975 2812 23)(16
999 2768 1061 2811 cm.
1085 2751 1116 2812 d.
1142 2769 1185 2811 m.

329 2873 350 2935 1.
378 2868 495 2934 1-15δ
517 2873 605 2935 Acta
627 2873 831 2935 Basiliensis
862 2872 997 2934 concilii
1030 2890 1123 2934 »cum
1157 2875 1244 2936 litera
1278 2879 1479 2954 imperatoris
1511 2880 1616 2937 missa

222 2960 354 3022 Boemis
380 2966 412 3022 et
435 2961 589 3022 translata
622 2960 663 3021 de
693 2961 860 3021 boemico«
887 2959 964 3040 (dat.
991 2959 1112 3020 Romae
1136 2960 1186 3022 27.
1212 2967 1286 3022 maii
1314 2961 1394 3022 1433
1418 2997 1461 3006 -
1483 2962 1612 3022 bohem.

222 3047 274 3110 ed.
298 3045 439 3126 Palaclry
461 3027 574 3126 Cesky'
597 3048 717 3108 Archiv
741 3047 787 3114 lli,
812 3047 898 3119 397).
924 3045 1113 3127 Sequuntur
1134 3053 1224 3108 varia
1238 3055 1311 3109 aeta
1327 3051 1495 3126 legationis
1512 3047 1616 3110 Bohe·

222 3151 350 3196 morum
375 3134 540 3196 secundae
565 3143 596 3195 et
620 3139 806 3213 pactionum
832 3139 1057 3212 posteriorum.

331 3256 351 3318 l.
379 3251 431 3317 16δ
455 3257 652 3334 Excerptum
676 3273 717 3315 ex
741 3254 879 3316 Summa
902 3255 1055 3315 Astesani
1080 3255 1120 3314 de
1144 3255 1322 3334 perfectiori
1348 3261 1546 3332 paupertate.

331 3361 351 3423 i.
380 3355 531 3421 17·-2Οδ
552 3363 695 3434 (anepigr.
712 3363 796 3417 initio
812 3361 931 3431 evulso)
943 3356 1063 3419 Oratio
1076 3357 1245 3434 polemica
1255 3360 1493 3436 procuratoris
1505 3359 1619 3422 cuius·

222 3447 631 3616 {ligmfirpeeggilnltczhemiae
654 3447 689 3507 in
712 3444 859 3507 concilio
879 3443 1064 3506 Basiliensi
1083 3445 1253 3507 adversus
1270 3446 1444 3524 quandam
1458 3445 1623 3523 replicam

330 3657 351 3718 i.
376 3653 534 3716 22¹-23b
561 3653 735 3732 »Epistola
768 3651 1001 3714 admonitoria
1034 3652 1190 3714 eiusdem
1223 3652 1341 3715 fratris
1376 3651 1414 3714 G.
1440 3651 1625 3732 (Gabrielis

223 3747 265 3807 de
287 3742 441 3820 Verona)
463 3743 506 3805 ad
530 3758 647 3820 regem
668 3739 835 3802 Bohemie
867 3755 931 3816 pro
964 3739 1165 3801 obediencia
1199 3740 1272 3802 sedi
1306 3741 1497 3817 apostolice
1528 3741 1624 3803 exhi-

222 3831 334 3894 benda
355 3829 436 3892 data
457 3847 502 3892 ex
524 3829 602 3891 loco
626 3845 653 3890 s.
677 3826 786 3889 lilarie
810 3827 851 3888 de
873 3825 1039 3888 Paradiso
1066 3825 1113 3887 ts.
1140 3844 1219 3888 nov.
1247 3825 1359 3888 1461..

330 3952 351 4014 i.
375 3949 516 4010 24⁸-25
540 3953 571 4008 11
594 3946 648 4007 28·
671 3949 812 4021 (anepigr.
830 3949 913 4004 initio
930 3949 1047 4018 evulso)
1065 3945 1247 4010 Tractatus
1259 3949 1301 4011 de
1318 3954 1491 4026 potestate
1503 3967 1622 4028 papae.

330 4056 351 4117 1.
376 4052 531 4114 ter-27·
554 4049 731 4132 Quaestio,
755 4054 873 4110 utrum
896 4049 1126 4112 eucharistiae
1150 4052 1417 4115 communicatio
1441 4054 1489 4116 sit
1513 4055 1554 4116 de
1567 4071 1624 4116 ne·

223 4143 388 4206 cessitate
411 4139 545 4202 salutis.

332 4264 351 4326 l.
376 4256 1049 4341 33·-441(1111111111,11111111111111111111)
1085 4259 1229 4322 Articuli
1259 4261 1468 4324 accusatorii
1500 4267 1623 4324 contra

222 4351 420 4415 dohannem
441 4348 550 4411 xxnt
573 4363 698 4425 papam
721 4345 757 4407 in
780 4343 927 4406 concilio
952 4343 1226 4409 Constantiensi.
1257 4347 1361 4409 Finis:
1391 4349 1450 4411 »Et
1466 4351 1526 4410 hec
1543 4355 1620 4410 sunt

223 4457 301 4500 vera
324 4439 496 4516 publicitus
520 4443 552 4496 et
574 4439 699 4496 notoria
723 4437 810 4494 etin
835 4435 960 4493 notoria
994 4433 1163 4507 habentur,
1200 4441 1350 4497 tenentur
1379 4443 1410 4497 et
1434 4441 1622 4515 reputantur

225 4533 304 4588 etc·
330 4525 395 4598 (ed.
412 4523 580 4584 Hardouin
603 4520 683 4596 Vlll,
707 4519 795 4594 343).

332 4646 353 4707 1.
377 4645 433 4706 46·
456 4645 482 4706 F
483 4647 608 4706 ormula
630 4645 847 4704 absolutionis
871 4661 890 4701 a
913 4647 1062 4702 censuris
1093 4645 1320 4706 ecclesiasticis
1346 4652 1490 4723 tempore
1513 4643 1622 4706 Hilarii

224 4735 507 4795 administratoris.

333 4836 354 4899 l.
377 4833 434 4898 161
457 4835 535 4899 Duo
558 4835 713 4899 carmina
734 4832 948 4912 rhythmica:
975 4834 1008 4910 1)
1023 4835 1148 4898 Mortis
1171 4835 1346 4898 dictamen
1368 4835 1403 4910 2)
1419 4835 1550 4897 Christi
1566 4852 1621 4897 so·

224 4926 350 4986 lamen.
377 4923 481 4987 »Cum
505 4926 637 4985 revolvo
662 4928 856 4983 moriturus«
884 4921 915 4975 ><
943 4923 1124 5003 »adquam
1159 4927 1277 4985 anxius
1308 4927 1448 5001 suspiro
1485 4923 1543 4983 Per
1566 4940 1619 4984 me

225 5012 373 5074 Crucem
397 5013 438 5073 de
461 5010 560 5073 Telcz
585 5009 698 5071 1492«.

905 5236 952 5284 itt
