4040 5954
1060 487 1141 550 1324

499 695 520 756 i.
549 697 582 755 1ι
604 695 735 773 (Initium
758 694 879 770 comm.)
913 693 1028 756 »Circa
1050 699 1180 756 inicium
1204 695 1297 754 Alani
1322 694 1363 754 de
1388 695 1519 772 planctu
1542 699 1657 753 nature
1680 699 1799 754 notan-

396 783 493 842 dum«
521 781 596 841 ><1.
626 779 702 843 l37b
741 781 800 841 »de
824 786 918 842 cuius
943 781 1032 842 fonte
1057 787 1232 842 mananmt
1249 829 1257 842 .
1277 827 1283 840 .
1305 830 1311 844 .
1333 828 1338 839 .
1364 778 1432 841 Sub
1456 799 1485 840 a.
1512 777 1595 840 1443
1619 778 1674 840 ser.
1699 784 1800 840 tercia

396 873 544 948 proxima
567 875 643 948 post
664 867 785 929 festum
809 867 979 928 Michaelis
1002 885 1060 946 per
1083 885 1202 929 manus
1225 872 1338 928 nescio
1362 871 1474 928 cuius«
1503 869 1589 944 (sic).

501 1020 605 1102 1324
982 1021 1060 1098 VII.
1089 1022 1129 1097 F.
1157 1024 1192 1097 5.

395 1146 501 1207 chart.
524 1162 611 1206 saec.
634 1143 722 1206 XIV
740 1162 787 1205 ex.
809 1145 847 1226 ff.
869 1144 945 1220 102,
967 1145 1007 1206 21
1023 1145 1144 1208 ><15·5
1164 1163 1227 1207 cm.
1251 1145 1281 1206 d.
1307 1164 1350 1207 m.

480 1267 499 1328 i.
529 1266 661 1326 1·-21ι
694 1265 890 1343 Fragmenta
926 1269 1159 1344 opusculorum
1193 1267 1399 1345 quorundam
1423 1269 1566 1325 carentia
1589 1269 1687 1336 initio,
1712 1280 1797 1342 quae

394 1357 425 1414 in
450 1351 471 1413 l.
494 1355 530 1414 21
560 1359 707 1413 truncato
732 1357 778 1412 sic
802 1353 1036 1413 absolvuntur:
1064 1353 1220 1430 »Explicit
1243 1352 1412 1414 secundus
1427 1353 1505 1411 liber
1518 1353 1795 1430 soliloquiorum«.

497 1439 522 1520 f.
543 1439 703 1499 222¹-213a
731 1438 931 1500 »Summula
953 1440 1109 1501 rudium«
1136 1441 1368 1501 sacerdotum.
1395 1437 1499 1517 »Quia
1513 1443 1603 1498 varia
1619 1439 1704 1498 dicta
1720 1454 1796 1496 san·

395 1531 539 1586 ctorum«
567 1528 599 1584 ><
622 1531 700 1600 (cap.
727 1530 765 1584 33
790 1545 879 1584 casus
902 1531 1037 1601 papales)
1069 1543 1147 1604 »pro
1182 1531 1353 1604 parentum
1378 1529 1621 1603 percussione«
1647 1522 1795 1598 (Schuite

394 1629 460 1672 non
485 1611 670 1690 recensuit).

496 1699 516 1759 i.
540 1697 701 1758 ⁴i3b—45a
729 1697 858 1760 »Dolus
881 1698 1019 1760 mundi«
1055 1698 1221 1776 (Carmen
1243 1697 1447 1775 vagantium
1470 1697 1684 1758 scholarium
1706 1697 1792 1756 edid.

394 1783 521 1858 Hotler,
547 1782 661 1863 Script.
686 1802 745 1846 rer.
769 1787 843 1848 hus.
868 1785 902 1860 Il,
926 1786 991 1859 51).

498 1871 518 1930 1.
541 1872 601 1931 45⁶
623 1871 869 1948 Fragmentum
896 1871 1070 1935 »Occulti«
1097 1870 1234 1934 Nicolai
1257 1872 1299 1933 de
1322 1871 1425 1932 Bibra
1447 1871 1513 1944 (ed.
1537 1871 1681 1937 ibidem).

496 1957 516 2018 f.
541 1957 701 2018 ros-80²
736 1956 898 2036 Dionysii
936 1958 1082 2021 Catonis
1121 1957 1243 2021 Ethica
1280 1958 1335 2035 (z
1348 1957 1520 2034 Disticha)
1560 1974 1639 2017 cum
1676 1956 1798 2033 glossa

394 2044 586 2120 marginali.
614 2043 776 2106 »Seneca:
802 2043 835 2106 Si
860 2051 889 2104 te
914 2048 1061 2107 moribus
1085 2052 1116 2104 et
1132 2047 1303 2106 virtutibus
1320 2047 1509 2104 lactaveris«
1529 2042 1672 2116 (textusz)
1692 2041 1796 2103 »Cum

394 2131 705 2192 animadverterem«
732 2133 764 2188 ><
790 2137 983 2193 »consorcio
1008 2137 1097 2208 regni
1121 2135 1298 2209 polorum«
1325 2130 1466 2206 (Textus
1490 2148 1555 2191 non
1580 2138 1630 2190 est
1647 2133 1796 2206 integer.)

498 2217 517 2277 i.
542 2218 703 2279 812—942
729 2218 986 2280 »Auctoritates
1002 2219 1292 2296 pbilosophorum
1305 2217 1496 2280 secundum
1509 2216 1666 2278 ordinem
1678 2216 1795 2293 alpha-

395 2302 495 2364 heti«.

498 2390 519 2450 i.
543 2389 705 2450 ele-abb
728 2390 885 2469 (Henrici
916 2392 957 2453 de
987 2391 1133 2469 Hassia)
1164 2391 1351 2468 Speculum
1381 2391 1518 2452 animae
1550 2393 1643 2462 (alter
1665 2393 1796 2450 titulus:

393 2475 574 2538 Tractatus
598 2478 639 2539 de
663 2479 853 2539 christiana
875 2479 976 2556 vita).
1014 2476 1178 2539 »Onerant
1200 2483 1310 2538 anima
1332 2484 1381 2538 te«
1408 2479 1439 2534 ><
1468 2479 1630 2538 »ultimam
1654 2478 1798 2536 reducci-

395 2580 502 2623 onem.
528 2564 615 2625 Finis
641 2567 764 2642 speculi
788 2571 924 2625 anime«

497 2650 518 2712 i.
543 2648 727 2711 97b-1001’
751 2651 909 2728 Hugonis
934 2652 976 2713 de
999 2650 1133 2713 Folieto
1156 2651 1258 2712 Liber
1280 2651 1323 2713 de
1345 2650 1498 2713 claustro
1515 2651 1661 2711 animae.
1682 2648 1800 2710 »intro-

395 2737 488 2796 duxit
511 2755 582 2797 me‹
610 2739 641 2794 ><
669 2747 824 2816 »quartus
849 2740 1028 2799 beatorum.
1054 2738 1193 2816 Explicit
1217 2740 1393 2799 claustnrm
1419 2742 1526 2798 anime
1550 2735 1729 2814 Hugonis.·

499 2823 519 2884 i.
549 2822 938 2903 100b--102bExcerpta
962 2833 995 2886 et
1017 2825 1198 2902 fragmenta
1223 2826 1396 2903 quaedam.

502 2976 601 3057 1325
972 2979 1055 3053 Vll.
1085 2980 1124 3053 F.
1154 2981 1187 3052 6.

396 3117 504 3178 chari.
528 3134 616 3178 saec.
638 3117 707 3178 XV
721 3119 760 3200 ff.
784 3119 857 3184 174.
882 3120 1027 3181 20><15
1048 3137 1110 3181 σπι.
1135 3120 1157 3180 2
1182 3137 1227 3179 m.

498 3237 518 3298 i.
547 3240 702 3299 lfl-lifi·
725 3239 881 3317 (anepigr.)
913 3240 957 3302 Μ.
985 3241 1159 3303 Johannis
1182 3242 1258 3303 Hus
1281 3240 1470 3304 Sermones
1493 3241 1535 3302 de
1558 3240 1692 3304 sanctis
1715 3257 1798 3303 cum

393 3323 524 3400 glossis
547 3325 750 3386 bohemicis.
789 3326 910 3387 »Nolite
934 3330 1103 3389 arbitrari.
1124 3376 1130 3389 .
1151 3377 1184 3390 ..
1211 3328 1389 3406 Postquam
1414 3329 1557 3389 salvator
1592 3332 1661 3388 suis
1696 3329 1798 3388 disci·

396 3413 479 3488 pulis
504 3411 592 3472 dedit
616 3419 809 3490 potestatem
834 3415 1040 3492 predicandi«
1068 3417 1100 3472 ><
1127 3423 1176 3475 »et
1199 3417 1297 3476 ambo
1321 3423 1585 3477 conservantur«

497 3498 515 3558 i.
545 3498 746 3560 liba-133⁶
770 3503 892 3564 Sermo
916 3502 958 3563 de
980 3503 1147 3579 passione
1178 3501 1321 3564 Christi.
1364 3502 1547 3580 »Egressus
1576 3500 1674 3561 lesus
1707 3507 1798 3562 trans

395 3591 596 3645 torrentem.
618 3633 624 3646 .
646 3635 678 3647 ..
715 3586 893 3656 Carissimi,
929 3606 1027 3668 quam
1059 3594 1109 3649 vis
1144 3591 1297 3666 indignus
1333 3594 1512 3651 nunccius«
1551 3595 1585 3664 ><
1622 3589 1797 3648 »sedentes

394 3677 508 3732 contra
533 3674 751 3749 sepulcrum«

499 3758 518 3817 i.
548 3758 746 3820 lue-itu
782 3766 941 3836 (anepigr.)
975 3762 1019 3823 M.
1054 3761 1230 3824 Johannis
1262 3763 1337 3824 Hus
1368 3761 1494 3824 Passio
1528 3761 1659 3824 Christi
1682 3777 1726 3824 ex
1749 3759 1797 3822 IV

393 3845 624 3920 evangelistis
648 3851 693 3920 (in
719 3849 782 3908 tine
807 3852 966 3923 mutilata)
990 3849 1044 3924 (ci.
1069 3851 1141 3910 edit.
1167 3848 1370 3928 Norimberg.
1395 3849 1429 3911 ll.
1454 3850 1499 3928 9).

497 3954 531 4008 A.
561 3955 641 4009 1609
666 3958 759 4010 codex
782 3963 842 4010 erat
866 3956 936 4012 bibl.
961 3957 1202 4027 Rosenbergicae‚
1227 3964 1330 4028 postea
1355 3967 1483 4014 monast.
1508 3956 1738 4012 Borovanensls.

497 4103 590 4185 1326
969 4107 1052 4183 VII.
1081 4109 1120 4182 F.
1152 4109 1184 4184 7.

392 4234 500 4297 chart.
524 4255 611 4298 saec.
634 4236 723 4299 XVI
729 4237 776 4320 ff.
800 4239 866 4300 150
887 4257 990 4316 nunc,
1014 4239 1102 4301 20><
1116 4239 1157 4301 14
1180 4258 1244 4301 cnr.
1268 4239 1285 4302 1
1312 4258 1355 4300 m.

391 4345 492 4410 Vitae
516 4348 765 4427 imperatorum
787 4350 1024 4413 Romanorum
1047 4350 1112 4415 aJ.
1130 4351 1280 4414 Caesare
1292 4369 1404 4430 usque
1416 4355 1459 4414 ad
1475 4349 1795 4414 Maximilianumll

391 4451 470 4496 cum
504 4435 713 4514 imaginibus
736 4440 929 4500 eorundem
951 4439 1145 4516 impressis,
1176 4457 1221 4502 ex
1247 4438 1316 4501 alio
1344 4441 1495 4517 quodam
1522 4457 1627 4517 opere
1655 4439 1792 4500 sumtis.

496 4525 539 4581 Ex
564 4528 634 4584 bibl.
659 4544 735 4584 corn.
760 4527 864 4598 Ignatii
888 4532 924 4583 de
948 4529 1105 4600 Sternberg
1126 4539 1177 4585 aul
1208 4546 1301 4586 novae
1333 4531 1526 4586 bibliothecae
1558 4529 1713 4586 Carolinae
1744 4537 1794 4584 aut

391 4615 549 4668 conventui
574 4614 767 4671 Hibernorum
792 4617 929 4687 Pragensi
953 4611 1047 4672 codex
1072 4621 1119 4672 hic
1143 4619 1255 4688 obtigit.

496 4746 597 4827 l327
970 4750 1054 4826 VII.
1082 4751 1123 4825 F.
1149 4753 1185 4826 8.

392 4870 581 4931 rirerubron.
605 4889 692 4933 saec.
715 4871 802 4934 XIV
817 4873 856 4954 ff.
879 4874 953 4946 303,
978 4874 1188 4936 19·5><13·5
1209 4892 1271 4936 cm.
1294 4875 1312 4937 1
1333 4894 1377 4938 m.

804 4977 1022 5040 Breviarium
1047 4983 1092 5056 (in
1116 4977 1181 5040 fine
1205 4979 1375 5060 mutilum).

1067 5205 1116 5252 508
