4004 5966
1023 576 1081 635 251

462 784 483 845 i.
506 781 588 845 320b
612 789 645 845 et
666 788 699 844 in
723 784 894 862 operculo:
919 774 1152 862 Bartolomeje
1174 782 1342 862 Klaperty
1376 778 1511 845 zl’elde
1533 777 1675 846 Piseiro
1690 784 1755 846 Bo·

358 864 425 933 tim
440 862 509 932 tile
525 866 696 949 podinajici
712 887 767 930 se:
796 867 910 930 »Virni
926 865 1090 942 kiesiane,
1106 865 1217 931 veirne
1230 867 1470 949 jednostaJ'ne.‹
1500 870 1591 931 »Hoc
1612 871 1648 931 tr.
1666 870 1755 934 Crux

359 962 489 1036 scripsit
511 975 539 1018 a.
566 954 651 1017 1492
672 961 705 1017 in
729 957 780 1018 die
804 955 991 1032 Stephani«
1024 954 1109 1017 Nota
1132 961 1164 1017 in
1187 957 1291 1018 fronte
1325 973 1425 1018 manu
1459 958 1593 1019 eadem:
1642 957 1753 1019 >Hanc

358 1049 551 1106 cancionem
575 1048 764 1122 composuit
786 1044 919 1123 quidam
953 1041 1204 1104 Bartholomeus
1228 1045 1269 1104 de
1291 1041 1392 1104 Telcz
1407 1049 1556 1115 nacione,
1579 1044 1666 1105 filius
1681 1043 1755 1104 Kla-

357 1137 456 1209 perte,
480 1132 640 1209 plebanus
664 1135 696 1191 in
718 1130 827 1191 Broda
850 1128 1045 1208 Ungaricali,
1070 1146 1169 1209 quam
1186 1131 1336 1190 Adamus
1355 1131 1488 1208 quidam
1505 1132 1547 1192 de
1563 1130 1755 1210 Sstemberg

357 1219 516 1278 inculator
537 1221 681 1279 cantavit
702 1223 734 1277 et
756 1223 870 1277 nostro
893 1215 1051 1294 Gregorio
1075 1216 1169 1278 Rullo
1193 1217 1282 1277 dedit
1304 1219 1528 1293 transcribere,
1567 1225 1601 1279 et
1621 1223 1692 1297 ipse
1708 1223 1754 1279 at·

358 1305 428 1366 tulit
448 1306 545 1365 nobis
568 1321 640 1364 eam
664 1308 697 1364 in
719 1302 900 1364 Trzebon.‹
935 1303 1057 1380 (Edidit
1079 1298 1195 1364 Hanus
1219 1309 1251 1364 in
1273 1302 1363 1382 Maly
1385 1302 1491 1382 vybor
1513 1322 1544 1383 p.
1568 1304 1633 1381 62).

460 1428 640 1484 Intrinseeus
664 1427 792 1499 operculi
815 1443 911 1499 super.
935 1429 1008 1483 haee
1031 1434 1102 1482 nota
1125 1428 1270 1484 occurrit:
1300 1426 1349 1481 »ln
1373 1429 1430 1483 hoc
1455 1431 1599 1500 opusculo
1615 1431 1663 1485 isti
1680 1445 1753 1486 con-

359 1516 487 1571 tinentur
509 1521 649 1571 tractatus
672 1531 724 1587 per
745 1530 790 1569 me
815 1514 937 1570 Crucem
961 1517 997 1570 de
1019 1513 1104 1568 Telcz
1126 1516 1157 1568 in
1181 1515 1282 1568 seculo
1306 1514 1453 1570 collecti«
1501 1515 1558 1572 Sed
1596 1517 1755 1588 prohdolor

357 1602 513 1672 catalogus
536 1602 584 1658 hic
608 1603 737 1657 radendo
761 1617 869 1671 magna
891 1617 928 1656 ex
951 1608 1031 1672 parte
1054 1601 1167 1656 deletus
1190 1607 1244 1657 est.
1268 1601 1304 1657 A.
1333 1602 1412 1657 1609
1438 1604 1533 1658 codex
1548 1603 1618 1659 bibl.
1642 1603 1754 1658 Rosen-

358 1690 491 1759 bergicae
514 1695 584 1756 erat,
609 1704 645 1743 ex
669 1704 727 1759 qua
749 1690 900 1743 restitutus
923 1693 968 1743 est
990 1687 1168 1743 monasterio
1190 1685 1380 1744 Tiebonensi.

457 1890 526 1970 251
947 1889 977 1964 I.
1003 1891 1044 1964 F.
1071 1890 1132 1964 19.

356 2047 465 2110 chart.
490 2066 559 2110 cce.
583 2067 616 2109 a.
640 2048 724 2110 1747
736 2048 784 2129 ff.
808 2048 860 2121 65,
884 2047 924 2108 21
939 2048 1027 2109 ><17
1050 2066 1112 2109 cm.
1135 2048 1153 2109 1
1179 2068 1224 2110 m.

355 2186 541 2250 Athanasii
563 2203 585 2247 a
606 2186 639 2248 S.
663 2185 819 2263 Josepho
842 2184 955 2264 (Eliae
978 2185 1164 2265 Sandrich)
1199 2188 1272 2248 ord.
1295 2187 1372 2248 irat.
1399 2189 1531 2250 eremit.
1555 2189 1695 2251 discalc.
1720 2206 1749 2252 s.

752 2272 940 2350 Augustini
962 2271 1141 2350 Opuscula
1163 2273 1342 2336 historica.

456 2394 477 2454 l.
505 2393 609 2453 1-35
632 2393 656 2455 1.
679 2391 889 2455 Dissertatio
904 2394 1485 2474 historieo-ehronologieoeritiea,
1503 2396 1539 2459 in
1554 2415 1624 2475 qua
1637 2398 1750 2477 primo

353 2481 569 2559 proponitur,
592 2497 638 2541 an
660 2480 695 2542 S.
716 2479 874 2542 Joannes
907 2479 1179 2558 Nepomueenus
1196 2529 1204 2543 .
1222 2532 1253 2544 ..
1278 2483 1326 2545 sit
1348 2501 1441 2546 unus
1476 2484 1636 2563 idemque
1670 2502 1750 2548 cum

352 2566 490 2629 Joanne
514 2569 555 2628 de
578 2565 711 2628 Pomuk
728 2616 734 2626 .
752 2614 759 2627 .
777 2615 784 2628 .
807 2567 940 2628 vicario
962 2568 1140 2645 generali.
1158 2617 1164 2630 .
1183 2619 1190 2632 .
1214 2569 1337 2632 deinde
1355 2619 1361 2632 .
1379 2616 1411 2631 ..
1436 2569 1648 2634 affirmativa
1661 2578 1751 2634 tam·

352 2654 689 2803 {uafflgmbabffior
711 2655 913 2728 adstruitur,
937 2656 1077 2716 demum
1106 2662 1311 2734 argumenta
1335 2658 1496 2735 opposita
1527 2665 1748 2721 enervantur.

457 2863 477 2923 i.
502 2862 632 2923 36-44
654 2861 693 2923 11.
730 2861 899 2942 Quaestio
933 2864 1435 2944 chronologico-genealogica:
1476 2868 1615 2946 quando
1654 2867 1751 2931 Cella

353 2949 512 3012 Mariana
533 2950 570 3010 in
592 2947 711 3027 Styria
732 2948 883 3026 primum
906 2949 998 3010 faeta
1020 2949 1126 3012 tuerit
1148 2951 1296 3013 celebris
1319 2969 1382 3031 per
1396 2953 1586 3017 Henrieum
1602 2955 1750 3017 marchi·

355 3053 459 3099 onem
480 3035 658 3197 Mpraviae
680 3042 741 3096 etc.
766 3034 874 3114 (Opus
898 3037 1048 3097 eiusdem
1072 3044 1253 3115 argumenti
1277 3045 1363 3118 typis
1388 3045 1585 3119 impressum
1610 3048 1661 3102 est
1676 3042 1748 3103 Pra-

351 3141 412 3202 gae
436 3141 462 3184 e.
486 3140 540 3183 a..

453 3244 475 3305 i.
499 3242 630 3304 45-59
653 3242 705 3305 111.
730 3243 969 3306 Memorabilia
991 3246 1033 3306 de
1054 3245 1191 3308 Joanne
1215 3247 1364 3310 Ernesto
1379 3247 1523 3312 Platisio
1540 3251 1582 3312 de
1597 3248 1747 3312 Platten-

354 3331 455 3404 stein,
480 3330 592 3392 electo
615 3330 778 3406 episcopo
801 3328 1039 3393 Olornucensi.

453 3435 474 3496 i.
498 3433 626 3495 60-65
650 3434 811 3512 Excerpta
833 3452 850 3494 e
874 3436 1036 3497 chronicis
1062 3438 1151 3516 apud
1175 3438 1238 3498 Pez
1261 3444 1443 3517 impressis

451 3559 522 3615 Sine
545 3559 635 3615 dubio
658 3574 695 3614 ex
718 3567 843 3616 monast.
868 3576 893 3615 s.
919 3560 1090 3618 Wenceslai
1115 3562 1273 3634 Neo-Prag.

451 3763 531 3844 252
957 3765 987 3840 I.
1014 3767 1055 3840 F.
1083 3765 1145 3842 20.

351 3906 458 3967 chart.
482 3924 515 3966 o.
538 3904 626 3966 1416
635 3905 681 3986 ff.
705 3906 778 3979 139,
800 3906 946 3968 22><15
966 3925 1028 3968 cm.
1053 3911 1071 3970 1
1096 3927 1140 3970 m.

503 4043 759 4106 conclusiones
783 4047 894 4122 quarti
918 4047 997 4109 libri
1021 4047 1282 4112 Sententiarum
1304 4048 1395 4110 Petri
1419 4049 1614 4111 Lombardi.

454 4166 474 4226 1.
504 4167 514 4226 1
543 4170 678 4239 (rubrio.)
723 4166 853 4244 »Incipit
876 4167 953 4227 liber
985 4174 1120 4247 quartus
1156 4171 1406 4231 conclusionum
1431 4175 1674 4232 sentenciarum
1699 4173 1743 4232 di-

349 4256 484 4313 stinccio
509 4257 639 4330 prima«
667 4255 699 4310 ><
723 4253 744 4313 l.
772 4253 846 4314 138·
871 4254 1028 4332 »Explicit
1051 4254 1102 4316 llll
1127 4257 1205 4316 liber
1228 4263 1468 4318 sentenciarum
1500 4259 1539 4319 de
1564 4260 1745 4320 conclusio-

347 4339 445 4400 nibus
469 4339 580 4400 frnitus
603 4357 632 4400 a.
658 4341 687 4401 d.
715 4338 798 4400 1416
821 4340 878 4401 ier.
904 4339 944 4400 lV
967 4348 1041 4403 ante
1066 4342 1187 4404 festum
1222 4361 1248 4404 S.
1275 4345 1447 4405 ¹imbrosii.
1497 4345 1622 4407 Eodem
1657 4363 1745 4407 anno

348 4426 536 4488 interiectus
560 4433 612 4486 est
634 4425 767 4488 Raczko
801 4426 940 4506 Kobylla
975 4434 1170 4490 sevissimus
1206 4439 1396 4507 persecutor
1430 4438 1461 4492 et
1495 4433 1743 4493 crudelissimus

348 4517 591 4586 canonicorum,
627 4514 839 4591 plebanorum
875 4520 907 4574 et
938 4517 1075 4576 aliorum
1103 4518 1264 4577 bonorum
1290 4520 1498 4579 sacerdotum
1523 4524 1553 4580 in
1578 4518 1745 4581 blontibus

349 4599 491 4662 Guttnis
515 4600 566 4661 Do
590 4599 691 4679 Hory,
715 4599 885 4680 Wykleffi‚
910 4602 953 4660 do
978 4601 1068 4681 Hory
1091 4605 1134 4662 od
1158 4605 1287 4682 bozych
1313 4608 1461 4683 praeiet«

455 4721 474 4782 i.
504 4715 702 4782 mat-139³
724 4720 827 4782 Notae
851 4727 958 4782 variae
983 4725 1183 4802 theologicae
1208 4725 1282 4786 etti
1307 4744 1424 4786 versus
1448 4728 1610 4789 bohemici
1634 4732 1742 4806 incipi-

349 4813 458 4868 entes:
483 4806 566 4868 Ktoz
583 4825 659 4869 nam
676 4813 819 4888 prziegy,
843 4810 909 4888 day
931 4827 1010 4888 gym
1034 4813 1125 4890 myly
1147 4812 1254 4890 bozye
1279 4815 1403 4891 spyech
1428 4821 1488 4875 etc.
1514 4814 1587 4895 (Ed.
1611 4819 1643 4876 in
1664 4813 1744 4876 Roz·

349 4911 452 4973 pravy
474 4893 657 4974 filologicke
681 4895 888 4956 Gebauerovi
912 4893 1094 4958 venovane'.
1122 4897 1152 4956 V
1175 4899 1272 4959 Praze
1301 4901 1406 4974 1898.)

451 5018 474 5074 E
496 5029 643 5076 conventu
667 5021 799 5076 Plznensi
824 5024 886 5076 ord.
911 5021 1146 5078 praedicatorum
1170 5040 1194 5081 s.
1220 5023 1346 5094 hlargar.

1023 5245 1071 5292 tot
