3972 5958
1034 583 1098 644 493

474 788 559 870 493
828 789 900 866 III.
928 791 970 865 E.
998 791 1060 866 18.
1090 807 1135 872 (i.
1154 807 1175 858 1.
1194 808 1219 859 2.
1237 821 1263 858 n.
1284 806 1354 870 134.)

371 945 572 1008 membrum.
594 962 683 1009 saec.
705 945 793 1008 XIV
812 947 856 1008 iu.
867 948 915 1031 ff.
939 949 993 1022 91,
1015 948 1093 1010 245
1105 948 1228 1011 ><18·5
1248 966 1311 1010 cm.
1335 949 1353 1009 1
1379 966 1423 1008 m.

479 1066 582 1131 Alani
604 1068 645 1129 de
668 1066 797 1129 Insulis
821 1068 971 1132 Carmen
995 1071 1037 1132 de
1058 1068 1201 1148 planctu
1225 1075 1379 1133 naturae.

478 1189 498 1250 f.
528 1190 538 1248 1
568 1189 621 1250 »ln
645 1191 796 1250 lacrimas
826 1195 922 1262 risus
953 1194 985 1250 in
1016 1191 1123 1250 luctus
1146 1192 1267 1268 gaudia
1298 1199 1407 1254 verto«
1434 1191 1467 1249 ><
1490 1191 1510 1254 i.
1535 1192 1594 1253 91·
1620 1196 1773 1252 »mistice

373 1279 590 1353 apparicionis
615 1277 783 1354 dereliquit
805 1283 990 1355 aspectus«

475 1463 562 1545 494
830 1464 901 1539 III.
928 1465 973 1540 E.
1000 1465 1062 1540 19.
1090 1481 1137 1546 (Υ.
1154 1481 1175 1533 1.
1195 1483 1219 1533 2.
1238 1497 1264 1534 n.
1283 1485 1337 1547 75.)

372 1622 560 1683 membran.
584 1639 671 1683 saec.
695 1620 783 1683 XIV
800 1623 837 1703 ff.
862 1624 935 1696 133,
957 1622 1131 1685 24·5><17
1154 1642 1216 1685 cin.
1239 1624 1257 1685 1
1283 1642 1328 1685 m.

478 1759 676 1822 Aristotelis
706 1760 932 1823 Politicorum
961 1761 1040 1822 libri
1070 1766 1149 1824 octo
1180 1766 1270 1836 (cum
1301 1767 1388 1823 notis
1412 1747 1646 1840 marginalibus
1667 1760 1773 1820 diver-

373 1864 483 1907 sarum
507 1851 688 1920 manuum).

479 1967 501 2026 i.
529 1969 561 2026 1ι
584 1969 690 2041 (rubr.)
716 1967 847 2045 »Incipit
870 1969 998 2045 politica
1028 1969 1245 2031 Aristotholis.
1276 1972 1410 2043 (atram.)
1439 1968 1602 2047 Quoniam
1637 1983 1773 2028 omnem

371 2058 533 2114 civitatem
556 2053 726 2114 videmus«
752 2057 784 2112 ><
808 2054 829 2114 i.
857 2053 934 2114 133ει
960 2056 1066 2133 »quod
1090 2056 1234 2116 medium
1266 2061 1298 2116 et
1320 2056 1410 2136 quod
1445 2056 1601 2132 possibile
1625 2059 1657 2114 et
1680 2054 1772 2132 quod

371 2141 503 2201 decens,
529 2139 663 2220 Reliqua
684 2141 782 2201 huius
805 2145 913 2218 operis
936 2145 968 2201 in
990 2159 1088 2219 greco
1112 2142 1260 2204 nondum
1276 2146 1383 2203 inveni
1402 2191 1412 2206 .
1431 2191 1437 2202 .
1458 2189 1465 2202 .
1484 2142 1560 2206 Cor.
1577 2140 1678 2202 Finite
1695 2147 1774 2202 sunt

372 2227 499 2306 politice
522 2231 554 2287 in
578 2231 710 2288 nomine
734 2227 856 2287 domini
880 2228 1015 2289 Amen«

480 2351 625 2422 Operculo
648 2367 745 2422 super.
777 2351 906 2421 adligata
936 2360 1005 2407 sunt
1028 2354 1045 2408 3
1070 2354 1099 2410 li.
1125 2355 1244 2409 membr.
1276 2369 1335 2408 non
1359 2369 1450 2422 num,
1482 2357 1512 2407 in
1535 2353 1643 2422 quibus
1665 2356 1773 2422 reperi-

371 2445 460 2494 untur
482 2444 570 2493 notae
594 2440 630 2492 ad
653 2454 729 2508 opus
753 2439 927 2508 pertinentes
950 2442 1075 2510 scriptae
1099 2455 1177 2496 saec.
1208 2438 1387 2495 le-XV.
1411 2439 1522 2494 Ibidem
1546 2439 1575 2494 in
1599 2439 1691 2494 fronte
1716 2454 1770 2493 no-

371 2533 465 2580 tatur:
493 2524 569 2580 »Iste
591 2524 663 2579 liber
685 2524 870 2595 politicorum
893 2533 1011 2581 taxatus
1035 2534 1079 2582 est
1101 2542 1154 2596 pro
1177 2543 1238 2582 una
1261 2543 1408 2596 sexagena
1431 2528 1488 2581 hoc
1510 2533 1555 2580 est
1582 2525 1767 2580 illorenis.«

371 2611 405 2666 ln
429 2611 572 2667 scledula
595 2611 777 2667 extrinsecus
801 2614 999 2682 adglutinata:
1026 2613 1155 2668 »Textus
1178 2615 1364 2684 politicorum
1388 2615 1424 2667 de
1440 2614 1558 2668 libraria
1580 2612 1697 2682 collegii
1709 2611 1771 2666 Ka-

371 2698 457 2754 toli«.
481 2698 574 2753 Vetus
597 2698 674 2768 sign.
699 2697 733 2768 Q,
759 2699 809 2754 30.

476 2881 560 2963 495
840 2881 912 2957 III.
940 2883 983 2957 E.
1010 2882 1072 2959 20.
1100 2898 1145 2966 (Y.
1165 2899 1185 2950 1.
1205 2900 1227 2949 2.
1247 2916 1273 2951 n.
1292 2903 1345 2964 ῖῑ.)

375 3021 481 3087 Codex
504 3022 693 3084 membran.
716 3039 804 3084 saec.
827 3021 1016 3084 XIII—XI
1018 3022 1047 3082 V
1055 3020 1105 3101 ss.
1129 3023 1202 3094 180,
1225 3022 1368 3085 24><17
1383 3042 1457 3104 cm,
1482 3042 1551 3086 mm
1568 3042 1676 3085 moirti
1693 3024 1769 3085 niti-

371 3110 510 3173 dissime
532 3113 705 3184 ewmtm,
730 3110 791 3170 litt.
815 3109 936 3171 initial.
954 3109 1054 3190 pictis
1071 3109 1204 3190 passim
1228 3114 1420 3172 exornatus.

479 3248 499 3308 i.
528 3244 647 3307 1-72b
670 3251 828 3322 (anepigr.)
850 3246 1033 3325 Expositio
1056 3247 1348 3325 Aphorismorum
1369 3248 1601 3326 Hippocratis.
1628 3248 1768 3312 »Unius-

372 3338 531 3412 cuiusque
565 3332 692 3394 formati
726 3333 862 3395 informe
888 3333 992 3395 fuisse
1015 3339 1224 3412 principium«
1252 3336 1285 3392 ><
1311 3352 1387 3413 »per
1406 3337 1642 3397 abstinenciam
1665 3341 1772 3414 magis

371 3426 592 3483 conservatur.
616 3420 783 3499 Explicit«

479 3543 499 3604 i.
524 3541 708 3603 73⁸-1042
731 3544 889 3616 (anepigr.)
910 3540 1096 3620 Expositio
1119 3542 1314 3605 Johannitii
1336 3541 1500 3622 isagogae
1524 3544 1567 3605 ad
1585 3543 1692 3621 Tegni
1707 3542 1771 3606 Ga-

372 3629 465 3693 lieni.
490 3632 594 3704 (incip.
625 3627 714 3706 prol.)
752 3627 909 3691 »Constat
941 3630 1029 3708 apud
1062 3631 1297 3708 philosophos«
1324 3633 1356 3687 ><
1383 3631 1545 3709 »quedam
1576 3635 1663 3692 enim
1694 3637 1773 3692 sunt

372 3718 508 3796 putride,
532 3717 673 3794 quedam
698 3733 776 3777 vero
799 3722 978 3776 recentes«

477 3837 498 3897 i.
526 3835 727 3899 1042-115b
750 3836 906 3916 (anepigr.)
934 3835 1119 3915 Expositio
1138 3837 1302 3899 Philareti
1324 3837 1403 3900 libri
1418 3838 1459 3898 de
1472 3838 1641 3916 pulsibus.
1661 3837 1765 3901 »Cum

371 3929 511 4003 quatuor
533 3925 620 4003 apud
644 3926 878 4003 philosophos«
905 3926 937 3982 ><
963 3929 1131 4003 »opposite
1156 3925 1299 3986 similiter
1322 3932 1473 4004 possunt.
1498 3925 1663 4004 Explicit«

479 4045 499 4108 i.
528 4043 730 4107 1151)--150ι
752 4049 910 4120 (anepigr.)
933 4045 1117 4123 Expositio
1140 4062 1248 4123 super
1272 4044 1395 4124 »Tegni
1429 4043 1594 4108 tinient·
1636 4045 1703 4108 »Ne
1728 4048 1770 4109 ad

373 4137 451 4193 tanti
475 4137 583 4211 operis
608 4134 778 4194 exordium
802 4136 992 4211 precipites«
1019 4135 1052 4190 ><
1079 4133 1341 4211 »descripciones
1365 4135 1594 4212 singulorum.-

479 4253 501 4314 i.
530 4250 731 4316 1502-178b
755 4256 883 4328 (Titulus
905 4265 1012 4316 recent.
1037 4273 1126 4313 manu
1148 4257 1325 4330 inscriptus:
1351 4257 1394 4312 De
1417 4259 1508 4314 urinis
1530 4257 1678 4328 Theollli.)
1704 4254 1770 4319 Ex·

370 4339 806 4504 gggfflfflTheophssi
838 4340 881 4402 de
904 4341 1028 4402 urinis.
1058 4338 1153 4402 »Tria
1175 4357 1261 4416 esse,
1285 4358 1327 4402 ex
1351 4341 1489 4420 quibus«
1516 4343 1549 4400 ><
1574 4342 1770 4422 »perlectam

393 4548 500 4695 dd'tuf'
540 4545 742 4610 179“-180δ
776 4548 958 4627 Registrum
995 4565 1131 4627 operum
1167 4547 1429 4646 praecedentium
1467 4567 1568 4612 manu
1603 4553 1773 4613 recentiori

371 4653 391 4696 a
439 4655 447 4695 ι
486 4652 528 4696 m.

481 4758 513 4816 ln
536 4760 586 4818 iol.
610 4761 749 4832 operculo
780 4761 862 4818 infer.
894 4761 1024 4832 adligato
1047 4762 1120 4817 haec
1143 4768 1214 4817 nota
1237 4761 1382 4818 occurrit:
1416 4761 1520 4819 »1390
1544 4764 1590 4818 die
1614 4761 1667 4818 Vll
1690 4763 1769 4820 lunii

373 4854 647 4905 ...constructus
679 4848 731 4904 fuit
760 4851 872 4920 primus
905 4849 981 4921 lapis
1011 4849 1042 4904 in
1066 4847 1201 4904 hedificio
1224 4848 1349 4904 ecclesie
1379 4863 1405 4906 s.
1427 4847 1554 4905 Petronii
1575 4847 1773 4908 Bononiensis

372 4935 457 4989 iuxta
478 4934 605 5006 plateam
629 4935 829 5006 sollempniter
851 4942 879 4991 et
902 4937 1038 4992 devote«.
1061 4935 1124 4991 Hac
1147 4941 1217 4991 nota
1239 4935 1321 5005 origo
1345 4935 1445 4992 italica
1466 4937 1579 4992 codicis
1604 4939 1696 4993 nostrl
1720 4937 1773 4994 de·

372 5027 561 5078 monstratur.
586 5021 678 5078 Vetus
702 5023 777 5094 sign.
801 5021 835 5094 B,
859 5023 889 5083 7.

1050 5241 1098 5292 196
