4040 5954
1027 537 1101 599 1241

474 757 495 818 1.
523 755 599 816 135²
622 772 699 812 saec.
722 752 788 810 XV.
822 749 925 812 Notae
956 754 1057 812 cultro
1089 757 1265 812 truncatae.
1296 747 1400 809 Notae
1439 745 1605 822 »Angelus
1640 741 1683 800 ad
1710 737 1763 800 Sil

366 852 506 908 vestrem
530 847 562 903 in
586 856 727 920 persona
749 836 887 899 Christi«
912 843 1185 916 superscriptum:
1212 836 1317 914 »Mag
1341 835 1491 896 Andreas
1509 832 1549 891 de
1568 829 1676 891 Broda
1691 840 1775 904 pro-

369 934 479 995 fessor
501 945 593 990 sacre
617 926 777 1002 theologie
801 929 923 985 invenit
945 929 977 985 in
1001 929 1142 1002 antiquis
1167 925 1284 985 libris«

477 1017 498 1078 1.
528 1011 728 1077 136”-169ι
750 1015 909 1086 (anepigr.)
942 1011 1084 1072 Henrici
1116 1011 1158 1071 de
1192 1007 1362 1071 Frimaria
1393 1003 1577 1083 Expositio
1601 995 1777 1075 decalogi.

372 1106 476 1166 »Audi
500 1103 597 1165 lsrael
619 1104 772 1179 precepta
795 1099 938 1159 domini«
971 1103 996 1153 ><
1024 1105 1079 1158 »ut
1101 1098 1252 1158 scribitur
1273 1095 1453 1156 lodicum«

477 1190 498 1251 1.
529 1185 730 1249 169·-170·
753 1183 931 1246 Sermones
955 1185 996 1244 de
1020 1203 1046 1245 s.
1071 1183 1192 1245 Ursula
1215 1189 1247 1243 et
1269 1181 1446 1243 Elisabeth.

479 1277 499 1338 1.
529 1269 729 1337 liv—244b
753 1276 911 1346 (anepigr.)
935 1271 1122 1334 Sermones
1148 1269 1289 1331 diversi.

473 1380 618 1454 Operculo
641 1393 739 1449 super.
763 1379 976 1447 adglutinatum
1000 1385 1044 1433 est
1067 1377 1259 1446 fragmentum
1275 1375 1433 1430 membran.
1459 1369 1644 1442 syngraphae
1660 1382 1781 1436 germa-

371 1474 455 1527 nicae
485 1484 562 1525 saec.
593 1465 661 1520 XIV
691 1463 893 1534 (Schuldbriel
918 1479 977 1518 von
1010 1463 1176 1518 ›Dorothea
1198 1462 1475 1530 Hantschustarynn
1499 1472 1557 1511 von
1581 1455 1701 1510 Passaw
1725 1455 1778 1506 die

372 1558 446 1614 czeit
468 1569 618 1628 pryorynn
640 1567 673 1606 ze
695 1550 882 1622 Mynnpach‹
910 1552 1004 1604 einem
1027 1548 1122 1605 Juden
1146 1549 1338 1620 ausgestellt).

478 1757 562 1838 1241
949 1751 1028 1826 VII.
1054 1752 1100 1827 B.
1132 1754 1188 1826 15.

375 1889 564 1962 rneurbran.
586 1910 673 1955 saec.
697 1890 766 1953 XV
776 1891 824 1971 fs.
855 1892 928 1966 101,
949 1891 1093 1954 29)(23
1115 1911 1178 1953 cm.
1202 1893 1220 1954 1
1250 1909 1294 1952 m.

766 2031 970 2094 Pontificale
994 2048 1110 2093 carens
1134 2036 1222 2093 initio
1246 2037 1277 2092 et
1300 2030 1375 2092 fine.

479 2160 622 2232 Operculo
653 2174 748 2230 super.
780 2159 994 2228 adglutinatum
1025 2163 1069 2211 est
1100 2156 1293 2226 fragmentum
1324 2159 1442 2215 membr.
1475 2161 1586 2215 codicis
1619 2163 1778 2217 cuiusdam

375 2249 511 2305 hebraici.

481 2415 579 2496 1242
956 2411 1039 2485 VII.
1069 2411 1112 2486 B.
1144 2411 1205 2485 16.

378 2557 485 2619 chart.
507 2571 594 2617 saec.
617 2552 812 2615 XIV—XV
820 2550 870 2631 ff.
894 2551 967 2624 199,
989 2551 1033 2612 29
1046 2552 1134 2612 ><22
1148 2568 1210 2612 cm.
1227 2552 1257 2612 d.
1277 2569 1322 2613 m.

857 2674 1044 2737 Sermones
1068 2674 1111 2735 de
1132 2679 1300 2751 tempore.

489 2799 508 2860 1.
539 2801 568 2860 1·
594 2797 714 2859 »Erunt
737 2801 831 2875 signa
860 2801 892 2857 in
916 2798 985 2857 sole
1006 2844 1012 2856 .
1032 2845 1038 2856 .
1060 2842 1067 2854 .
1087 2794 1247 2874 Quamvis
1278 2795 1376 2857 Jesus
1400 2794 1569 2858 Christus«
1597 2799 1628 2854 ><
1653 2799 1672 2860 1.
1703 2797 1781 2860 190³

383 2892 435 2948 »et
456 2888 629 2948 consilium
653 2902 673 2945 a
695 2884 898 2963 sapientibus
922 2899 1075 2960 querere«
1102 2881 1191 2956 (finis
1215 2883 1331 2956 deest).

487 3090 586 3172 1243
949 3089 1027 3164 VII.
1055 3091 1100 3164 B.
1127 3089 1188 3163 17.

386 3232 574 3295 membran.
596 3248 681 3293 saec.
704 3227 907 3292 XII—XIII
926 3233 955 3290 et
977 3227 1063 3290 XIV
1072 3226 1122 3307 fs.
1145 3230 1220 3306 260,
1243 3229 1390 3308 28)(21
1420 3248 1481 3291 cm.
1504 3229 1526 3291 2
1549 3249 1594 3292 m.

550 3369 694 3432 Missale
717 3369 753 3429 in
775 3386 879 3431 usum
904 3368 1111 3431 monasterii
1134 3369 1168 3430 S.
1192 3368 1351 3431 Coronae
1375 3371 1617 3446 compositum.

485 3495 637 3551 Vetustior
658 3511 725 3567 pars
749 3495 814 3550 libri
830 3495 1046 3564 (lectionarium
1062 3501 1089 3549 et
1104 3495 1304 3564 collectarius)
1320 3501 1439 3549 exarata
1454 3500 1499 3549 est
1514 3509 1592 3552 saec.
1608 3492 1783 3570 ΧΙΙ-ΧΙΠ,

384 3586 535 3652 recentior,
559 3582 714 3637 continens
744 3581 888 3653 imprimis
919 3597 1062 3638 canonem
1086 3582 1204 3651 missae,
1228 3583 1337 3637 inserta
1360 3589 1404 3636 est
1427 3596 1505 3636 saec.
1529 3579 1606 3640 XIV.
1641 3580 1675 3637 In
1698 3597 1787 3654 oper-

385 3671 454 3727 culo
477 3686 573 3742 super.
597 3669 772 3725 intrinsecus
796 3669 921 3723 occurrit
944 3675 1015 3724 nota
1037 3669 1129 3724 cultro
1154 3668 1238 3723 valde
1261 3669 1397 3723 mutilata
1416 3675 1553 3739 spectans
1577 3671 1614 3724 ad
1638 3686 1664 3725 a.
1692 3670 1786 3738 1403,

385 3759 593 3813 monasterium
616 3755 647 3812 S.
672 3755 803 3811 Coronae
827 3762 855 3810 et
872 3756 1104 3811 aedificationem
1121 3755 1248 3826 capellae
1272 3757 1303 3810 in
1322 3754 1487 3810 Cwalenicz
1502 3751 1583 3830 (sic).
1601 3754 1643 3810 Ex
1657 3755 1783 3814 monast.

385 3844 415 3902 S.
441 3843 582 3902 Coronae.

490 3993 591 4073 1244
977 3992 1063 4068 VII.
1093 3991 1130 4068 C.
1155 3992 1189 4067 1.

388 4137 496 4199 chart.
519 4151 606 4196 saec.
630 4131 700 4194 XV
710 4133 757 4216 ff.
779 4133 855 4208 396,
877 4133 966 4195 29)(
980 4132 1020 4194 21
1047 4149 1108 4192 cnr.
1134 4134 1151 4194 1
1176 4150 1221 4192 m.

465 4255 608 4318 Missale
632 4255 823 4317 seeundum
847 4255 1019 4316 rubricam
1041 4253 1253 4332 Pragensem
1276 4254 1490 4332 praecedente
1514 4255 1706 4316 calendario

492 4381 525 4437 In
549 4383 642 4437 lronte
665 4380 685 4438 i.
712 4381 746 4436 1²
769 4381 841 4436 haec
865 4387 935 4436 nota
958 4386 1017 4438 est:
1046 4379 1149 4435 »Liber
1171 4379 1313 4434 ecclesiae
1337 4377 1521 4434 Kremsensis
1549 4380 1660 4438 1682«.

497 4587 594 4667 1245
756 4633 762 4647 ·
998 4583 1081 4659 VII.
1112 4582 1146 4659 C.
1174 4583 1208 4656 2.

392 4728 518 4789 mixtus
538 4744 625 4788 saec.
648 4725 682 4788 X
691 4723 717 4786 V
726 4723 775 4804 ff.
799 4725 874 4798 570,
895 4722 1012 4786 29·5><
1027 4723 1067 4785 21
1094 4742 1157 4785 ern.
1180 4723 1212 4784 d.
1241 4742 1284 4785 m.
1320 4741 1397 4784 cum
1421 4722 1492 4786 init.
1511 4723 1588 4804 pict.

548 4848 658 4911 Biblia
682 4847 819 4909 Veteris
844 4853 878 4908 et
900 4846 992 4908 Novi
1015 4845 1228 4908 Testamenti
1252 4861 1367 4906 carens
1391 4849 1480 4907 initio
1504 4849 1536 4905 et
1558 4843 1632 4905 line.

424 5049 426 5054 Α
495 4975 541 5029 Ad
565 4974 674 5028 calcem
697 4973 715 5028 1.
745 4973 776 5029 1³
801 4979 971 5026 annotatum
989 4979 1033 5026 est
1049 4988 1138 5026 manu
1162 4987 1240 5026 saec.
1265 4969 1376 5026 XVIII:
1404 4969 1467 5024 »Ex
1490 4969 1571 5025 libris
1594 4969 1788 5024 bibliothecae

393 5061 592 5119 Carloviensis
615 5059 800 5130 Neo-Pragae
825 5074 890 5114 can.
915 5059 1005 5128 regul.
1029 5058 1142 5116 Later«

1067 5281 1118 5329 482
