3996 5954
1023 485 1104 546 1074

466 691 566 775 1074
955 691 1016 768 VI.
1049 691 1168 767 016.

361 833 470 896 chart.
495 851 527 895 a.
551 830 1190 912 1759-17731136,35)(22111.
1215 832 1246 893 d.
1271 849 1316 892 m.

364 953 540 1016 ›Diarium
564 953 723 1032 quintum
745 959 943 1018 conventus
963 953 1085 1016 Matris
1108 952 1301 1016 Dolorosae
1326 953 1362 1014 in
1386 951 1599 1015 Rabeustein
1631 949 1767 1012 ordinis

361 1040 551 1104 Servorum
575 1042 606 1103 b.
630 1041 759 1103 Mariae
780 1038 875 1119 Virg.
900 1040 943 1102 ab
965 1056 1059 1102 anno
1085 1037 1169 1103 1759
1191 1055 1304 1118 usque
1327 1040 1417 1102 ude
1436 1036 1518 1100 1778
1538 1054 1660 1100 mense
1682 1037 1768 1100 111111

816 1127 1057 1205 conscriptum
1081 1131 1116 1189 et
1137 1125 1304 1188 linitum«

464 1217 608 1287 (Diarium
632 1218 757 1288 primum
779 1233 814 1271 v:
849 1215 898 1274 Vl.
916 1216 949 1274 C.
970 1217 1027 1284 18.,
1063 1220 1225 1273 secundum
1240 1233 1276 1272 v:
1300 1215 1363 1272 Xll.
1380 1217 1416 1273 A.
1435 1216 1480 1285 5.)
1501 1215 1545 1270 Ex
1568 1215 1671 1270 eodem
1695 1229 1768 1270 eon-

361 1311 449 1360 ventu
474 1307 535 1360 ord.
560 1303 726 1363 Servorum.

471 1471 569 1553 1075
960 1471 1021 1547 VI.
1051 1471 1174 1546 (217.

361 1610 503 1674 mernor.
526 1628 613 1673 saec.
637 1609 724 1672 XIV
742 1609 833 1688 (artie
855 1627 888 1670 α.
912 1609 1011 1690 1381)
1030 1608 1070 1692 ff.
1094 1610 1168 1683 259,
1190 1610 1366 1672 33·5><22
1389 1627 1451 1671 cm.
1475 1609 1492 1670 1
1519 1627 1564 1670 m.
1658 1650 1663 1660 -

501 1732 533 1795 S.
558 1729 746 1809 Augustini
768 1729 940 1792 Homiliue
964 1730 1000 1790 in
1023 1729 1243 1808 evangelium
1268 1746 1296 1791 s.
1318 1729 1492 1792 iohannis
1516 1727 1633 1792 CXIV.

465 1821 498 1876 ln
522 1823 571 1880 iol.
597 1822 669 1892 259,
694 1837 801 1891 magna
824 1836 859 1874 ex
882 1827 962 1890 parte
985 1827 1121 1877 truncato
1144 1822 1218 1876 haec
1234 1823 1349 1876 rubrica
1372 1823 1517 1876 occurrit:
1545 1819 1649 1876 »Liber
1663 1835 1767 1875 mona-

362 1910 442 1964 sterii
466 1912 573 1964 domus
596 1925 621 1966 s.
645 1907 750 1980 Egydli
774 1904 984 1964 canonicorum
1017 1906 1194 1977 regularium
1216 1909 1246 1961 in
1270 1906 1421 1977 Vitignaw
1451 1907 1525 1962 alias
1556 1907 1587 1962 in
1610 1905 1768 1977 Trzyebon

362 2003 549 2067 comparatus
572 2011 624 2066 per
646 1995 760 2050 nobiles
791 1994 928 2049 dominos
951 1995 987 2048 de
1011 1993 1190 2048 Rosemberlr
1220 1995 1330 2065 primos
1353 1994 1446 2064 ipsius
1470 1993 1638 2049 monasterii
1661 1992 1768 2049 funda-

363 2091 440 2140 tores
465 2099 491 2138 a.
516 2084 545 2138 d.
574 2082 684 2138 1381.‹
710 2080 821 2136 Deinde
844 2082 938 2135 codex
961 2088 1023 2135 erat
1046 2080 1117 2136 bibl.
1141 2079 1384 2150 Rosenbergicae,
1415 2095 1451 2136 ex
1474 2096 1533 2150 qua
1554 2082 1706 2136 restitutus
1721 2087 1768 2136 est

365 2169 545 2225 monasterio
568 2168 708 2240 praefato.

467 2335 564 2418 1076
954 2335 1019 2410 l’l.
1050 2332 1176 2408 018.

367 2476 475 2539 chart.
499 2475 828 2558 a.1665—1693ff
852 2476 905 2551 66,
927 2474 1067 2538 33><21
1093 2491 1156 2536 cm.
1183 2474 1216 2536 d.
1240 2491 1285 2535 m.

365 2596 540 2660 »Diutium
562 2595 714 2674 primum
744 2601 940 2659 conventus
962 2595 1086 2658 Matris
1110 2593 1301 2658 Dolorosae
1325 2595 1362 2657 iu
1385 2597 1597 2661 Rabeustein
1630 2599 1767 2661 ordinis

561 2682 751 2745 Servorum
774 2682 810 2744 B.
834 2682 880 2745 Μ.
902 2680 945 2744 V.
968 2683 1011 2744 ab
1034 2699 1065 2744 a.
1091 2679 1174 2744 1665
1195 2698 1309 2760 usque
1332 2685 1377 2745 ad
1399 2701 1430 2746 a.
1456 2684 1568 2747 1698σ

465 2774 610 2842 (Diarium
633 2776 797 2829 secundum
812 2790 840 2830 v.
856 2771 920 2832 XII.
936 2774 972 2831 A.
991 2773 1019 2830 5.
1043 2773 1163 2828 Dimum
1187 2773 1321 2843 quintum
1345 2790 1372 2830 v.
1390 2774 1440 2830 Vl.
1464 2774 1498 2835 C.
1518 2777 1582 2847 18.)
1605 2775 1649 2832 Ru
1663 2777 1767 2832 eodem

362 2867 509 2918 conventu
533 2862 594 2918 ord.
620 2859 787 2916 Servorum.

469 3029 566 3110 1077
953 3025 1016 3107 VI.
1050 3028 1085 3104 C.
1114 3028 1209 3103 19.-

361 3171 470 3231 clearl.
493 3187 581 3232 saec.
605 3165 712 3230 XVII
717 3167 874 3230 -XVIII
881 3167 928 3250 ff.
953 3169 1005 3243 75,
1034 3169 1079 3230 32
1093 3170 1179 3231 ><22
1200 3186 1264 3231 cm.
1291 3169 1314 3230 2
1336 3188 1381 3232 m.

365 3290 534 3369 »Regulue
554 3289 722 3353 iuridioae
737 3306 783 3351 ex
798 3289 872 3352 iure
889 3289 1078 3365 communi,
1102 3290 1312 3369 municipali,
1335 3290 1542 3370 provinciali
1564 3295 1599 3354 et
1615 3291 1768 3355 novellis

363 3377 602 3440 declaratoriis
618 3393 698 3438 eum
713 3376 909 3440 rationibus
924 3376 1091 3439 decisivis
1106 3381 1300 3440 secundum
1315 3379 1537 3456 alphabetum
1569 3379 1761 3442 collectae«

467 3480 499 3542 ln
522 3485 614 3541 fronte
638 3485 770 3540 eiusdem
794 3485 869 3542 tituli
893 3485 951 3540 alia
975 3501 1080 3542 munus
1105 3489 1276 3542 annotavit:
1305 3486 1545 3543 »Goldenkroner
1566 3487 1707 3544 Arellius

470 3651 570 3736 1078
938 3651 996 3728 Vl.
1027 3651 1061 3728 C.
1090 3652 1142 3728 20
1156 3676 1192 3728 a.

364 3795 472 3856 chart.
495 3811 583 3855 saec.
606 3792 674 3856 XV
694 3797 724 3856 et
745 3792 833 3854 XVI
839 3792 886 3875 ff.
908 3793 985 3867 118,
1006 3795 1147 3857 32><21
1172 3812 1236 3857 crn.
1259 3794 1292 3856 d.
1315 3812 1361 3856 m.

362 3914 492 3994 Hymni
515 3919 552 3976 et
573 3914 756 3978 cantiones
788 3913 883 3978 notis
914 3914 1061 4063 musicis
1087 3914 1284 4064 'instructae
1319 3915 1448 3978 latinae
1479 3915 1605 3980 additis
1635 3918 1768 3996 aliquot

979 4019 1001 4064 o
1028 4018 1117 4065 emrc
1131 4019 1160 4064 s.

467 4105 487 4166 l.
512 4101 571 4165 32²>
593 4104 767 4167 iohannis
791 4105 949 4169 Roderici
973 4124 994 4170 a
1016 4106 1206 4170 Choterina
1234 4103 1356 4171 Oratio
1386 4107 1571 4172 dominice
1617 4106 1767 4173 Carmen

362 4191 549 4254 iambicum
571 4191 759 4255 dimetrum
782 4209 812 4254 a.
838 4191 921 4254 1546
944 4193 1189 4271 compositum.

466 4296 487 4360 i.
511 4293 674 4358 831--93ὴ
697 4295 828 4376 Hymni
854 4297 916 4360 »de
939 4314 967 4363 s.
989 4298 1153 4361 iohanne
1176 4298 1284 4374 llus«,
1313 4316 1451 4379 quorum
1476 4305 1542 4360 tres
1566 4307 1644 4362 sunt
1666 4301 1768 4361 bohe-

363 4387 435 4445 mici
459 4375 579 4462 (Pr'sue
601 4400 624 4446 o
648 4400 702 4446 sv.
724 4383 817 4446 Janu
839 4384 1004 4464 Husovi).

466 4487 486 4550 i.
516 4482 718 4549 10312—104·
751 4481 856 4551 Piseir
890 4506 935 4551 nu
974 4491 1043 4552 hod
1081 4483 1159 4552 boll
1193 4483 1347 4553 vinocni
1383 4481 1545 4553 elsteenl
1579 4489 1766 4553 snotumi.

366 4575 563 4653 »Radugme
587 4591 626 4638 se
648 4574 814 4638 weselme
837 4592 906 4639 se«

468 4681 560 4738 Partis
592 4685 697 4755 prioris
727 4684 836 4754 (usque
859 4686 896 4739 ud
920 4684 937 4740 i.
964 4684 1018 4754 59)
1042 4685 1130 4738 index
1161 4691 1298 4740 exoratus
1329 4687 1426 4740 estin
1449 4685 1589 4755 operculo
1618 4699 1715 4756 super.
1738 4693 1767 4740 et

363 4771 392 4824 in
417 4769 434 4827 l.
464 4771 489 4824 1.
515 4769 655 4827 Codicem
688 4777 820 4825 nostrum
852 4785 963 4828 recens.
987 4769 1012 4826 J.
1037 4767 1160 4841 11111511,
1192 4772 1242 4842 qui
1266 4772 1353 4828 etiam
1377 4771 1460 4827 initia
1482 4773 1652 4827 cantionum
1676 4787 1768 4844 popu·

363 4857 469 4912 larium
492 4857 710 4914 bohemicorum
734 4858 896 4929 exscripsit,
922 4839 990 4915 Cas.
1013 4855 1091 4913 Mus.
1120 4858 1200 4914 1879
1224 4875 1252 4929 p.
1278 4858 1329 4929 45,
1353 4858 1459 4914 deinde
1483 4857 1626 4930 prolixius
1648 4857 1766 4921 Dreves.

363 4943 523 5000 Contiones
547 4944 661 5002 bohem.
686 4961 718 5015 p.
747 4943 794 5002 15.
841 4944 925 5000 Unde
948 4945 1043 5000 codex
1066 4946 1124 5014 hic,
1156 4961 1215 5016 quo
1238 4946 1364 5001 ecclesia
1394 4946 1540 5016 quaedam
1564 4945 1692 5001 husitica
1714 4946 1766 5001 diu

1042 5165 1092 5214 ⁴42
