4004 5966
913 565 978 628 310

241 771 520 833 diversificantur«
548 773 582 830 ><
607 773 714 832 »vund
741 773 799 834 thu
821 774 904 834 dasz
928 773 1004 835 ufste
1028 773 1089 852 dyr
1111 777 1183 834 wirt
1206 774 1296 834 basz.
1321 773 1362 835 Et
1385 781 1509 835 tantum
1526 775 1567 835 de
1580 775 1642 836 illo

242 857 329 936 hlag.
354 859 457 920 Albici
480 865 531 920 etc
555 865 592 920 ut
614 876 730 937 supra«
757 859 905 933 (Videtur
928 877 1004 922 esse
1020 861 1245 938 apographum
1261 861 1329 922 libri
1346 865 1496 939 impressi
1513 860 1643 940 Lipsiae

241 963 272 1006 a.
301 945 405 1017 1484).

353 1031 373 1092 1.
396 1026 541 1092 ritib—67
566 1031 736 1092 Formulae
761 1033 947 1105 medicalem
971 1050 1020 1094 ex.
1035 1051 1080 1110 gr.
1095 1033 1173 1094 salis
1190 1034 1402 1094 sacerdotalis
1426 1049 1511 1112 mag.
1530 1034 1642 1106 Albici,

242 1119 385 1196 pulveris
410 1135 495 1197 mag.
521 1118 687 1196 Stephani.

351 1204 371 1266 l.
395 1203 543 1268 682-70
575 1209 648 1278 (alia
677 1214 784 1264 recent.
814 1209 917 1276 manu)
947 1204 1113 1268 Matthiae
1136 1206 1178 1268 de
1200 1205 1360 1269 Mechow
1392 1207 1643 1268 vicecancellarii

242 1295 387 1352 univers.
413 1289 643 1353 Cracoviensis
666 1289 848 1354 Tractatus
870 1292 1156 1369 praeservativus
1178 1293 1300 1370 pestis.
1329 1292 1498 1354 »Studium
1516 1294 1570 1354 tibi
1586 1292 1645 1354 luit

242 1377 436 1438 assiduum«
465 1381 496 1434 Χ
522 1381 573 1438 »in
598 1378 743 1456 partibus
766 1378 889 1456 frigidis
913 1379 1036 1440 bonum
1061 1381 1271 1440 resolutivum
1296 1385 1347 1440 est
1368 1378 1537 1458 Tyn'acas

351 1466 461 1522 Eadem
484 1483 599 1537 manus,
623 1483 698 1539 quae
721 1474 876 1524 tractatum
900 1467 1041 1525 Matthiae
1066 1473 1100 1524 de
1117 1468 1243 1525 Mechov
1266 1469 1407 1539 exaravit,
1431 1470 1514 1524 initio
1531 1470 1643 1525 codicis

243 1553 323 1608 aliud
347 1555 524 1625 opusculum
554 1555 680 1610 scribere
712 1557 818 1626 coepit,
849 1555 935 1610 cuius
959 1571 1049 1610 unum
1074 1561 1187 1612 tantum
1210 1556 1312 1612 folium
1343 1563 1475 1627 superest
1498 1573 1563 1612 cum
1587 1557 1645 1611 hoc

243 1639 348 1696 titulo:
377 1639 616 1696 »Maximilianus
639 1640 813 1696 Romischer
835 1641 933 1711 Kdnig
955 1643 1007 1697 hot
1029 1643 1092 1697 dlsz
1115 1649 1211 1714 recept
1234 1643 1303 1698 hem
1320 1642 1426 1699 Ernsto
1442 1643 1644 1699 Erczbischofl

245 1742 323 1782 vonn
355 1727 539 1798 hildeburgi
574 1733 677 1798 gesant
707 1743 760 1782 vor
790 1731 830 1798 dy
866 1729 1025 1799 pestilencz
1058 1745 1107 1799 ym
1133 1728 1212 1784 CXV
1242 1729 1339 1786 lare«.
1371 1729 1440 1785 Post
1463 1731 1520 1786 hoc
1543 1729 1645 1784 lolium

244 1829 353 1884 magna
374 1829 441 1885 pars
466 1815 577 1870 codicis
601 1816 693 1870 nostrl
715 1815 818 1870 evulsa
841 1821 894 1871 est.

347 1978 433 2063 3⁰8
863 1982 894 2058 Ι.
925 1982 969 2058 G.
996 1983 1057 2058 32.

246 2121 355 2182 chart.
378 2139 466 2186 saec.
488 2120 611 2184 XVIII
618 2122 666 2204 ff.
690 2122 741 2197 43,
764 2123 842 2185 195
857 2123 946 2184 ><15
967 2141 1029 2184 cm.
1053 2124 1070 2185 1
1096 2141 1142 2184 m.

358 2242 611 2321 Compendium
643 2243 848 2308 rhetorices,
872 2243 980 2323 (Opus
1003 2249 1035 2305 in
1059 2243 1123 2304 fine
1148 2246 1339 2320 mutilatum,
1363 2249 1414 2306 cui
1438 2247 1499 2306 alia
1526 2262 1645 2305 manus

245 2334 278 2391 in
306 2329 327 2392 l.
349 2329 478 2391 40-43
502 2331 724 2392 additamenta
747 2331 909 2409 quaedam
934 2331 1124 2406 subiunxit).

350 2500 434 2582 3119
865 2502 894 2576 I.
925 2502 969 2576 G.
996 2503 1057 2576 33.

250 2641 359 2702 chart.
384 2645 519 2719 arriogr.
542 2659 629 2703 saec.
653 2639 778 2703 XVIII
791 2642 831 2723 ff.
855 2643 908 2716 63,
929 2641 969 2704 21
985 2641 1073 2704 ><16
1094 2660 1159 2704 cm.

350 2765 508 2836 (anepigr.)
529 2761 710 2823 Tractatus
733 2767 854 2825 contra
875 2761 1029 2824 Iudaeos
1051 2762 1297 2824 demonstrans
1319 2763 1443 2826 Iesum
1466 2763 1646 2828 Christum

244 2864 368 2910 verum
389 2848 558 2910 Messinm
581 2865 671 2910 esse.

351 2933 414 3008 (Ex
438 2940 605 3014 prooemio
636 2940 723 3013 patet
752 2941 918 2996 auctorem
950 2939 1058 3013 operis
1088 2934 1191 2996 fuisse
1223 2937 1388 3016 quendam
1420 2938 1549 3000 fratrem
1573 2939 1645 3002 ord.

243 3025 364 3082 eremit.
388 3038 415 3083 s,
440 3023 612 3100 Augustini
643 3021 798 3095 Viennae,
822 3026 876 3100 qui
893 3029 989 3083 antea
1011 3027 1043 3082 in
1068 3029 1232 3084 conventu
1263 3025 1411 3086 eiusdem
1433 3027 1555 3086 ordinis
1578 3024 1641 3086 Ta-

243 3109 386 3169 boriensi
409 3113 543 3175 vixerat.
567 3126 653 3187 opus
677 3115 785 3170 autem
810 3112 918 3187 ipsum
942 3113 1164 3187 conscriptum
1188 3127 1264 3170 esse
1288 3118 1364 3189 post
1394 3129 1422 3172 a.
1452 3112 1556 3188 1711).

350 3198 436 3254 Liber
457 3214 472 3253 e
497 3207 646 3255 conventu
669 3198 840 3254 Taboriensi
864 3203 901 3254 ad
926 3215 981 3254 nos
1005 3200 1178 3270 provenisse
1209 3200 1333 3257 videtur.

346 3365 419 3446 3Ιῦ
860 3365 886 3440 Ι.
917 3366 963 3441 G.
991 3366 1052 3440 34.

242 3506 350 3568 chari.
374 3523 407 3566 a.
432 3504 518 3567 1474
528 3505 575 3588 ff.
600 3506 664 3568 140
686 3523 789 3578 nom„
812 3504 955 3566 22><14
977 3522 1039 3566 cm.
1063 3507 1082 3568 1
1106 3525 1150 3567 m.
1177 3525 1254 3569 cum
1275 3507 1297 3568 2
1320 3507 1389 3569 init.
1407 3509 1486 3589 pict.

351 3625 371 3688 1.
400 3625 519 3687 l-JriOa
542 3626 596 3689 Pii
618 3625 648 3688 11
669 3643 778 3704 papae
801 3627 845 3687 ad
867 3625 1115 3705 imperatorem
1137 3627 1327 3690 Turcorum
1351 3629 1509 3707 epistola.
1536 3630 1644 3692 »Finis

242 3731 270 3774 a.
295 3710 412 3791 (litii
434 3715 490 3776 ler.
514 3713 543 3773 V
566 3719 640 3774 ante
664 3712 744 3776 Mar.
768 3712 879 3790 Magd.
904 3730 961 3792 per
981 3713 1216 3776 venceslaum
1238 3715 1280 3777 de
1304 3713 1508 3777 Crumlow.‹

350 3799 372 3862 1.
395 3800 557 3862 61·-92ι
581 3801 720 3863 Aeneae
743 3799 868 3878 Sylvii,
891 3805 1017 3877 postea
1038 3800 1094 3863 Pii
1108 3800 1138 3863 11
1152 3818 1272 3879 papae,
1289 3802 1438 3879 epistola
1457 3804 1519 3864 »ad
1534 3803 1645 3865 cardi-

243 3887 359 3948 nalem
379 3886 579 3949 Iohannem
609 3887 651 3948 de
680 3885 835 3948 Carviali
866 3888 908 3948 de
931 3891 1026 3949 statu
1056 3891 1093 3948 et
1121 3888 1258 3951 haeresi
1287 3893 1403 3951 terrae
1432 3887 1640 3968 Pragensis‹

243 3971 339 4052 (data
362 3991 404 4034 ex
427 3971 522 4035 Nova
552 3972 688 4035 Civitate
711 3972 767 4035 Xll
791 3973 855 4034 kal.
879 3971 967 4054 Sept.
987 3973 1094 4048 1451).
1120 3973 1347 4036 »Tractatulus
1370 3975 1459 4036 Enee
1484 3974 1643 4038 Senensis

243 4065 387 4138 episcopi
417 4078 475 4138 per
506 4058 742 4122 Venceslaum
774 4061 816 4122 de
847 4059 1059 4140 Crumpnaw
1081 4062 1284 4123 concluditur
1306 4062 1451 4124 secunde
1475 4081 1503 4125 a.
1528 4061 1645 4143 (loll

244 4147 298 4208 ler.
324 4146 357 4210 ll.
383 4154 458 4225 post
481 4147 570 4209 dom.
594 4146 676 4208 Esto
699 4148 795 4208 michi
819 4153 898 4208 etc«

351 4234 370 4295 1.
395 4233 578 4297 931--1058
603 4238 762 4309 (anepigr.)
795 4233 849 4296 Pii
880 4234 909 4295 11
938 4251 1048 4312 papae
1077 4235 1178 4298 Bulla
1207 4233 1368 4298 citatoria
1390 4236 1434 4297 ad
1457 4233 1645 4315 Georgium

244 4335 362 4398 regem
385 4321 466 4382 data
486 4318 581 4382 XVII
605 4321 674 4382 lral.
696 4321 765 4383 Jul.
790 4319 916 4399 (1464).

350 4407 370 4469 i.
399 4404 601 4470 1061-1121‘
632 4407 697 4487 (Pii
731 4407 760 4469 ll
791 4411 915 4484 papae)
945 4407 1144 4486 Responsio
1172 4410 1253 4470 data
1286 4408 1416 4472 Romae
1446 4409 1644 4472 oratoribus

243 4493 384 4573 Georgii
406 4495 499 4573 regis
523 4495 566 4573 (a.
595 4493 703 4573 1462).

351 4581 371 4643 l.
401 4577 603 4644 1121-116ι
626 4582 746 4644 Aenae
770 4579 883 4659 Sylvii
905 4581 1014 4658 episc.
1048 4581 1217 4644 Senensis
1241 4583 1437 4661 Responsio
1454 4584 1535 4644 data
1549 4582 1644 4644 Hun-

242 4667 336 4745 garis
359 4669 501 4730 nomine
524 4667 748 4745 imperatoris
772 4667 936 4730 Friderici
958 4667 1001 4729 23
1024 4685 1094 4746 apr.
1123 4666 1204 4730 1455
1228 4670 1266 4731 in
1289 4668 1391 4733 Nova
1413 4668 1573 4732 civitate.

352 4754 371 4816 1,
401 4751 603 4816 1172-136b
626 4753 800 4833 Pamphili
820 4754 1020 4817 Mauriliani
1053 4755 1202 4818 Carmen
1233 4757 1274 4818 de
1297 4774 1409 4819 amore
1434 4757 1589 4835 Pamphili
1613 4762 1646 4818 et

243 4841 399 4903 Galateae
422 4845 598 4920 incipiens:
625 4841 804 4904 »Vulneror
826 4847 859 4903 et
880 4843 1030 4902 clausum
1054 4847 1147 4921 porto
1171 4845 1234 4904 sub
1258 4850 1388 4924 pectore
1412 4846 1543 4905 telum«.
1586 4845 1643 4904 »A

242 4925 358 5006 (litii
380 4929 437 4992 ier.
461 4927 496 4991 ll.
519 4935 594 4990 ante
618 4928 776 4992 Convers.
802 4946 829 4990 s.
854 4929 941 4990 Pauli
967 4946 1024 5007 per
1045 4926 1281 4993 venceslaum
1298 4933 1339 4994 de
1357 4929 1536 4992 Crumlow
1552 4931 1644 4992 Pam-

243 5017 350 5095 philus
380 5017 611 5078 concluditur.‹

921 5240 969 5289 135
