<?xml version="1.0" encoding="UTF-8"?>
<!DOCTYPE html PUBLIC "-//W3C//DTD XHTML 1.0 Transitional//EN"
    "http://www.w3.org/TR/xhtml1/DTD/xhtml1-transitional.dtd">
<html xmlns="http://www.w3.org/1999/xhtml" xml:lang="en" lang="en">
 <head>
  <title>
</title>
<meta http-equiv="Content-Type" content="text/html;charset=utf-8" />
  <meta name='ocr-system' content='tesseract 3.04.00' />
  <meta name='ocr-capabilities' content='ocr_page ocr_carea ocr_par ocr_line ocrx_word'/>
</head>
<body>
  <div class='ocr_page' id='page_1' title='image "./cataloguscodicu02truhgoog_0308.png"; bbox 0 0 3990 5956; ppageno 0'>
   <div class='ocr_carea' id='block_1_1' title="bbox 914 503 978 564">
    <p class='ocr_par' dir='ltr' id='par_1_1' title="bbox 914 503 978 564">
     <span class='ocr_line' id='line_1_1' title="bbox 914 503 978 564; baseline 0 0"><span class='ocrx_word' id='word_1_1' title='bbox 914 503 978 564; x_wconf 87' lang='grc'>699</span> 
     </span>
    </p>
   </div>
   <div class='ocr_carea' id='block_1_2' title="bbox 254 707 1657 963">
    <p class='ocr_par' dir='ltr' id='par_1_2' title="bbox 254 707 1657 963">
     <span class='ocr_line' id='line_1_2' title="bbox 362 707 1647 789; baseline -0.002 -17"><span class='ocrx_word' id='word_1_2' title='bbox 362 708 384 774; x_wconf 88' lang='grc'><em>1.</em></span> <span class='ocrx_word' id='word_1_3' title='bbox 408 711 614 772; x_wconf 78' lang='lat'>247¹-248⁸</span> <span class='ocrx_word' id='word_1_4' title='bbox 639 709 821 788; x_wconf 86' lang='lat' dir='ltr'>Registrum</span> <span class='ocrx_word' id='word_1_5' title='bbox 866 707 1055 772; x_wconf 82' lang='lat' dir='ltr'>»Secretarii</span> <span class='ocrx_word' id='word_1_6' title='bbox 1079 713 1237 789; x_wconf 83' lang='lat' dir='ltr'>practice«</span> <span class='ocrx_word' id='word_1_7' title='bbox 1276 709 1348 770; x_wconf 81' lang='lat' dir='ltr'>»die</span> <span class='ocrx_word' id='word_1_8' title='bbox 1378 709 1491 771; x_wconf 88' lang='lat' dir='ltr'>Martis</span> <span class='ocrx_word' id='word_1_9' title='bbox 1515 713 1546 770; x_wconf 90' lang='lat' dir='ltr'>in</span> <span class='ocrx_word' id='word_1_10' title='bbox 1573 711 1647 788; x_wconf 84' lang='lat' dir='ltr'>vigil</span> 
     </span>
     <span class='ocr_line' id='line_1_3' title="bbox 254 793 1657 877; baseline 0 -19"><span class='ocrx_word' id='word_1_11' title='bbox 254 797 383 859; x_wconf 88' lang='lat' dir='ltr'>Andree</span> <span class='ocrx_word' id='word_1_12' title='bbox 404 815 461 877; x_wconf 89' lang='lat' dir='ltr'>per</span> <span class='ocrx_word' id='word_1_13' title='bbox 483 813 602 859; x_wconf 88' lang='lat' dir='ltr'>manus</span> <span class='ocrx_word' id='word_1_14' title='bbox 625 796 838 876; x_wconf 87' lang='lat' dir='ltr'>Sigismundi</span> <span class='ocrx_word' id='word_1_15' title='bbox 862 798 904 860; x_wconf 89' lang='lat' dir='ltr'>de</span> <span class='ocrx_word' id='word_1_16' title='bbox 928 795 1037 860; x_wconf 86' lang='lat' dir='ltr'>Grecz</span> <span class='ocrx_word' id='word_1_17' title='bbox 1059 812 1090 859; x_wconf 92' lang='lat' dir='ltr'>a.</span> <span class='ocrx_word' id='word_1_18' title='bbox 1114 797 1146 857; x_wconf 91' lang='lat' dir='ltr'>d.</span> <span class='ocrx_word' id='word_1_19' title='bbox 1172 793 1254 860; x_wconf 77' lang='lat'>14³5</span> <span class='ocrx_word' id='word_1_20' title='bbox 1278 812 1382 858; x_wconf 80' lang='lat' dir='ltr'>eurr«.</span> <span class='ocrx_word' id='word_1_21' title='bbox 1406 796 1494 858; x_wconf 86' lang='lat' dir='ltr'>Idem</span> <span class='ocrx_word' id='word_1_22' title='bbox 1518 802 1657 858; x_wconf 90' lang='lat' dir='ltr'>occurrit</span> 
     </span>
     <span class='ocr_line' id='line_1_4' title="bbox 255 885 956 963; baseline -0.001 -18"><span class='ocrx_word' id='word_1_23' title='bbox 255 901 433 963; x_wconf 85' lang='lat' dir='ltr'>possessor</span> <span class='ocrx_word' id='word_1_24' title='bbox 455 885 523 946; x_wconf 84' lang='lat' dir='ltr'>libri</span> <span class='ocrx_word' id='word_1_25' title='bbox 546 889 578 945; x_wconf 92' lang='lat' dir='ltr'>in</span> <span class='ocrx_word' id='word_1_26' title='bbox 601 885 755 963; x_wconf 92' lang='lat' dir='ltr'>operculo</span> <span class='ocrx_word' id='word_1_27' title='bbox 780 887 956 963; x_wconf 83' lang='lat' dir='ltr'>superiore.</span> 
     </span>
    </p>
   </div>
   <div class='ocr_carea' id='block_1_3' title="bbox 250 1055 1505 1264">
    <p class='ocr_par' dir='ltr' id='par_1_3' title="bbox 250 1055 1505 1264">
     <span class='ocr_line' id='line_1_5' title="bbox 351 1055 1195 1138; baseline -0.018 0"><span class='ocrx_word' id='word_1_28' title='bbox 351 1055 429 1138; x_wconf 78' lang='lat'>697</span> <span class='ocrx_word' id='word_1_29' title='bbox 701 1055 772 1131; x_wconf 91' lang='lat' dir='ltr'>IV.</span> <span class='ocrx_word' id='word_1_30' title='bbox 800 1055 844 1132; x_wconf 86' lang='lat' dir='ltr'>E.</span> <span class='ocrx_word' id='word_1_31' title='bbox 872 1055 933 1132; x_wconf 84' lang='lat'>17.</span> <span class='ocrx_word' id='word_1_32' title='bbox 961 1071 1005 1138; x_wconf 77' lang='lat' dir='ltr'>(Y.</span> <span class='ocrx_word' id='word_1_33' title='bbox 1025 1072 1046 1124; x_wconf 90' lang='lat'>1.</span> <span class='ocrx_word' id='word_1_34' title='bbox 1065 1071 1195 1135; x_wconf 60' lang='lat' dir='ltr'>anas.)</span> 
     </span>
     <span class='ocr_line' id='line_1_6' title="bbox 250 1177 1505 1264; baseline -0.002 -22"><span class='ocrx_word' id='word_1_35' title='bbox 250 1180 359 1242; x_wconf 82' lang='lat' dir='ltr'>chari.</span> <span class='ocrx_word' id='word_1_36' title='bbox 381 1197 469 1243; x_wconf 85' lang='lat' dir='ltr'>saec.</span> <span class='ocrx_word' id='word_1_37' title='bbox 493 1179 562 1242; x_wconf 91' lang='lat' dir='ltr'>XV</span> <span class='ocrx_word' id='word_1_38' title='bbox 569 1179 616 1264; x_wconf 85' lang='lat' dir='ltr'>ff.</span> <span class='ocrx_word' id='word_1_39' title='bbox 639 1180 701 1242; x_wconf 86' lang='grc'><em>261</em></span> <span class='ocrx_word' id='word_1_40' title='bbox 727 1198 831 1252; x_wconf 74' lang='lat' dir='ltr'>num,</span> <span class='ocrx_word' id='word_1_41' title='bbox 855 1179 1008 1258; x_wconf 86' lang='lat'><em>22&gt;&lt;15</em></span> <span class='ocrx_word' id='word_1_42' title='bbox 1028 1197 1091 1241; x_wconf 89' lang='lat' dir='ltr'>cm.</span> <span class='ocrx_word' id='word_1_43' title='bbox 1118 1180 1134 1240; x_wconf 91' lang='lat' dir='ltr'>l</span> <span class='ocrx_word' id='word_1_44' title='bbox 1159 1197 1204 1241; x_wconf 88' lang='lat' dir='ltr'>m.</span> <span class='ocrx_word' id='word_1_45' title='bbox 1228 1196 1307 1241; x_wconf 85' lang='lat' dir='ltr'>cum</span> <span class='ocrx_word' id='word_1_46' title='bbox 1331 1177 1409 1242; x_wconf 83' lang='lat' dir='ltr'>init.</span> <span class='ocrx_word' id='word_1_47' title='bbox 1427 1177 1505 1258; x_wconf 81' lang='lat' dir='ltr'>pict.</span> 
     </span>
    </p>
   </div>
   <div class='ocr_carea' id='block_1_4' title="bbox 249 1298 1659 1745">
    <p class='ocr_par' dir='ltr' id='par_1_4' title="bbox 249 1298 1659 1745">
     <span class='ocr_line' id='line_1_7' title="bbox 249 1298 1659 1381; baseline -0.002 -16"><span class='ocrx_word' id='word_1_48' title='bbox 249 1301 441 1366; x_wconf 84' lang='lat' dir='ltr'>Eberhardi</span> <span class='ocrx_word' id='word_1_49' title='bbox 462 1301 610 1381; x_wconf 79' lang='lat' dir='ltr'>Hispani</span> <span class='ocrx_word' id='word_1_50' title='bbox 631 1300 834 1364; x_wconf 85' lang='lat' dir='ltr'>Priscianus</span> <span class='ocrx_word' id='word_1_51' title='bbox 857 1300 1024 1363; x_wconf 90' lang='lat' dir='ltr'>metricus</span> <span class='ocrx_word' id='word_1_52' title='bbox 1047 1317 1112 1363; x_wconf 88' lang='lat' dir='ltr'>seu</span> <span class='ocrx_word' id='word_1_53' title='bbox 1134 1299 1362 1378; x_wconf 91' lang='lat' dir='ltr'>potiusPctri</span> <span class='ocrx_word' id='word_1_54' title='bbox 1377 1298 1473 1362; x_wconf 84' lang='lat' dir='ltr'>Eiiae</span> <span class='ocrx_word' id='word_1_55' title='bbox 1497 1299 1552 1378; x_wconf 77' lang='lat' dir='ltr'>(z</span> <span class='ocrx_word' id='word_1_56' title='bbox 1566 1298 1659 1362; x_wconf 90' lang='lat' dir='ltr'>Pctrl</span> 
     </span>
     <span class='ocr_line' id='line_1_8' title="bbox 252 1385 1659 1490; baseline -0.002 -37"><span class='ocrx_word' id='word_1_57' title='bbox 252 1390 295 1453; x_wconf 85' lang='lat' dir='ltr'>de</span> <span class='ocrx_word' id='word_1_58' title='bbox 339 1388 439 1469; x_wconf 88' lang='lat' dir='ltr'>Riga)</span> <span class='ocrx_word' id='word_1_59' title='bbox 479 1387 759 1454; x_wconf 84' lang='lat' dir='ltr'>Commentarius</span> <span class='ocrx_word' id='word_1_60' title='bbox 795 1387 967 1490; x_wconf 78' lang='lat' dir='ltr'>Prisciani</span> <span class='ocrx_word' id='word_1_61' title='bbox 1010 1385 1232 1489; x_wconf 68' lang='lat' dir='ltr'>uersiflcatus</span> <span class='ocrx_word' id='word_1_62' title='bbox 1278 1403 1362 1450; x_wconf 89' lang='lat' dir='ltr'>cum</span> <span class='ocrx_word' id='word_1_63' title='bbox 1406 1385 1659 1450; x_wconf 88' lang='lat' dir='ltr'>commentario</span> 
     </span>
     <span class='ocr_line' id='line_1_9' title="bbox 360 1476 1067 1657; baseline -0.001 -17"><span class='ocrx_word' id='word_1_64' title='bbox 360 1579 382 1640; x_wconf 93' lang='grc'><em>1.</em></span> <span class='ocrx_word' id='word_1_65' title='bbox 406 1579 504 1642; x_wconf 92' lang='lat' dir='ltr'>l-VI</span> <span class='ocrx_word' id='word_1_66' title='bbox 527 1596 603 1641; x_wconf 87' lang='lat' dir='ltr'>non.</span> <span class='ocrx_word' id='word_1_67' title='bbox 628 1595 717 1640; x_wconf 91' lang='lat' dir='ltr'>num.</span> <span class='ocrx_word' id='word_1_68' title='bbox 742 1476 1067 1657; x_wconf 49' lang='lat' dir='ltr'>Regisiffimrgolpzlrls.</span> 
     </span>
     <span class='ocr_line' id='line_1_10' title="bbox 359 1664 1657 1745; baseline -0.002 -18"><span class='ocrx_word' id='word_1_69' title='bbox 359 1667 381 1728; x_wconf 88' lang='lat' dir='ltr'>i.</span> <span class='ocrx_word' id='word_1_70' title='bbox 410 1669 443 1727; x_wconf 82' lang='lat' dir='ltr'>i·</span> <span class='ocrx_word' id='word_1_71' title='bbox 465 1667 583 1742; x_wconf 83' lang='lat' dir='ltr'>(incipit</span> <span class='ocrx_word' id='word_1_72' title='bbox 607 1671 778 1738; x_wconf 83' lang='lat' dir='ltr'>comment.)</span> <span class='ocrx_word' id='word_1_73' title='bbox 805 1664 873 1726; x_wconf 84' lang='lat' dir='ltr'>»Ex</span> <span class='ocrx_word' id='word_1_74' title='bbox 896 1681 962 1744; x_wconf 90' lang='lat' dir='ltr'>quo</span> <span class='ocrx_word' id='word_1_75' title='bbox 980 1665 1058 1725; x_wconf 91' lang='lat' dir='ltr'>liber</span> <span class='ocrx_word' id='word_1_76' title='bbox 1072 1681 1210 1745; x_wconf 89' lang='lat' dir='ltr'>presens</span> <span class='ocrx_word' id='word_1_77' title='bbox 1224 1667 1290 1743; x_wconf 89' lang='lat' dir='ltr'>agit</span> <span class='ocrx_word' id='word_1_78' title='bbox 1302 1664 1342 1724; x_wconf 91' lang='lat' dir='ltr'>de</span> <span class='ocrx_word' id='word_1_79' title='bbox 1360 1668 1592 1742; x_wconf 79' lang='lat' dir='ltr'>grammatica«</span> <span class='ocrx_word' id='word_1_80' title='bbox 1609 1715 1615 1725; x_wconf 92' lang='lat'>.</span> <span class='ocrx_word' id='word_1_81' title='bbox 1631 1710 1657 1725; x_wconf 93' lang='lat'>..</span> 
     </span>
    </p>
   </div>
   <div class='ocr_carea' id='block_1_5' title="bbox 253 1765 1660 2021">
    <p class='ocr_par' dir='ltr' id='par_1_5' title="bbox 253 1765 1660 2021">
     <span class='ocr_line' id='line_1_11' title="bbox 362 1765 1659 1848; baseline -0.003 -16"><span class='ocrx_word' id='word_1_82' title='bbox 362 1769 383 1832; x_wconf 90' lang='grc'><em>1.</em></span> <span class='ocrx_word' id='word_1_83' title='bbox 408 1765 586 1845; x_wconf 75' lang='lat' dir='ltr'>2¹³(1nciprr</span> <span class='ocrx_word' id='word_1_84' title='bbox 619 1771 708 1832; x_wconf 88' lang='lat' dir='ltr'>Prisc.</span> <span class='ocrx_word' id='word_1_85' title='bbox 744 1773 841 1842; x_wconf 83' lang='lat' dir='ltr'>metr.)</span> <span class='ocrx_word' id='word_1_86' title='bbox 874 1767 985 1830; x_wconf 84' lang='lat' dir='ltr'>»Sicut</span> <span class='ocrx_word' id='word_1_87' title='bbox 1019 1769 1139 1829; x_wconf 88' lang='lat' dir='ltr'>abesse</span> <span class='ocrx_word' id='word_1_88' title='bbox 1171 1771 1215 1829; x_wconf 88' lang='lat' dir='ltr'>rei</span> <span class='ocrx_word' id='word_1_89' title='bbox 1240 1769 1326 1830; x_wconf 91' lang='lat' dir='ltr'>soliti</span> <span class='ocrx_word' id='word_1_90' title='bbox 1350 1785 1418 1830; x_wconf 92' lang='lat' dir='ltr'>rem</span> <span class='ocrx_word' id='word_1_91' title='bbox 1442 1783 1590 1848; x_wconf 84' lang='lat' dir='ltr'>promere</span> <span class='ocrx_word' id='word_1_92' title='bbox 1613 1769 1659 1829; x_wconf 92' lang='lat' dir='ltr'>di-</span> 
     </span>
     <span class='ocr_line' id='line_1_12' title="bbox 255 1853 1660 1935; baseline -0.003 -17"><span class='ocrx_word' id='word_1_93' title='bbox 255 1864 353 1919; x_wconf 80' lang='lat' dir='ltr'>cunt«</span> <span class='ocrx_word' id='word_1_94' title='bbox 383 1863 416 1930; x_wconf 86' lang='lat'>&gt;&lt;</span> <span class='ocrx_word' id='word_1_95' title='bbox 444 1856 464 1922; x_wconf 88' lang='lat' dir='ltr'>i.</span> <span class='ocrx_word' id='word_1_96' title='bbox 489 1856 570 1918; x_wconf 83' lang='lat'>261·</span> <span class='ocrx_word' id='word_1_97' title='bbox 590 1859 689 1930; x_wconf 84' lang='lat' dir='ltr'>(Expl.</span> <span class='ocrx_word' id='word_1_98' title='bbox 713 1860 816 1929; x_wconf 88' lang='lat' dir='ltr'>metra)</span> <span class='ocrx_word' id='word_1_99' title='bbox 842 1856 922 1916; x_wconf 85' lang='lat' dir='ltr'>»hec</span> <span class='ocrx_word' id='word_1_100' title='bbox 946 1859 978 1916; x_wconf 88' lang='lat' dir='ltr'>in</span> <span class='ocrx_word' id='word_1_101' title='bbox 994 1853 1126 1932; x_wconf 88' lang='lat' dir='ltr'>Virgilio</span> <span class='ocrx_word' id='word_1_102' title='bbox 1142 1859 1352 1935; x_wconf 76' lang='lat' dir='ltr'>reperimus«</span> <span class='ocrx_word' id='word_1_103' title='bbox 1372 1858 1470 1932; x_wconf 83' lang='lat' dir='ltr'>(Expi.</span> <span class='ocrx_word' id='word_1_104' title='bbox 1488 1860 1660 1929; x_wconf 84' lang='lat' dir='ltr'>comment.)</span> 
     </span>
     <span class='ocr_line' id='line_1_13' title="bbox 253 1941 1645 2021; baseline -0.001 -17"><span class='ocrx_word' id='word_1_105' title='bbox 253 1951 305 2005; x_wconf 77' lang='lat' dir='ltr'>»et</span> <span class='ocrx_word' id='word_1_106' title='bbox 327 1944 471 2004; x_wconf 90' lang='lat' dir='ltr'>similiter</span> <span class='ocrx_word' id='word_1_107' title='bbox 494 1949 526 2005; x_wconf 87' lang='lat' dir='ltr'>in</span> <span class='ocrx_word' id='word_1_108' title='bbox 550 1945 649 2005; x_wconf 90' lang='lat' dir='ltr'>litera.</span> <span class='ocrx_word' id='word_1_109' title='bbox 674 1941 715 2004; x_wconf 91' lang='lat' dir='ltr'>Et</span> <span class='ocrx_word' id='word_1_110' title='bbox 737 1947 862 2003; x_wconf 87' lang='lat' dir='ltr'>tantum</span> <span class='ocrx_word' id='word_1_111' title='bbox 887 1945 929 2002; x_wconf 89' lang='lat' dir='ltr'>sit</span> <span class='ocrx_word' id='word_1_112' title='bbox 952 1941 1074 2003; x_wconf 90' lang='lat' dir='ltr'>dictum</span> <span class='ocrx_word' id='word_1_113' title='bbox 1099 1960 1156 2021; x_wconf 92' lang='lat' dir='ltr'>pro</span> <span class='ocrx_word' id='word_1_114' title='bbox 1180 1946 1351 2021; x_wconf 81' lang='lat' dir='ltr'>presenti«</span> <span class='ocrx_word' id='word_1_115' title='bbox 1643 1951 1645 1960; x_wconf 89' lang='lat'>&#39;</span> 
     </span>
    </p>
   </div>
   <div class='ocr_carea' id='block_1_6' title="bbox 252 2049 1459 2210">
    <p class='ocr_par' dir='ltr' id='par_1_6' title="bbox 252 2049 1459 2210">
     <span class='ocr_line' id='line_1_14' title="bbox 360 2049 1459 2122; baseline 0.001 -17"><span class='ocrx_word' id='word_1_116' title='bbox 360 2050 584 2122; x_wconf 89' lang='lat' dir='ltr'>Monogramma</span> <span class='ocrx_word' id='word_1_117' title='bbox 607 2052 788 2121; x_wconf 88' lang='lat' dir='ltr'>possessoris</span> <span class='ocrx_word' id='word_1_118' title='bbox 812 2065 890 2106; x_wconf 89' lang='lat' dir='ltr'>saec.</span> <span class='ocrx_word' id='word_1_119' title='bbox 914 2049 969 2104; x_wconf 92' lang='lat' dir='ltr'>XV</span> <span class='ocrx_word' id='word_1_120' title='bbox 992 2049 1032 2106; x_wconf 92' lang='lat' dir='ltr'>M.</span> <span class='ocrx_word' id='word_1_121' title='bbox 1057 2049 1266 2106; x_wconf 79' lang='lat' dir='ltr'>wenceslaum</span> <span class='ocrx_word' id='word_1_122' title='bbox 1290 2049 1459 2108; x_wconf 88' lang='lat' dir='ltr'>Korandam</span> 
     </span>
     <span class='ocr_line' id='line_1_15' title="bbox 252 2136 727 2210; baseline 0.006 -18"><span class='ocrx_word' id='word_1_123' title='bbox 252 2139 376 2196; x_wconf 82' lang='lat' dir='ltr'>videtur.</span> <span class='ocrx_word' id='word_1_124' title='bbox 400 2136 493 2193; x_wconf 89' lang='lat' dir='ltr'>Vetus</span> <span class='ocrx_word' id='word_1_125' title='bbox 516 2141 592 2210; x_wconf 86' lang='lat' dir='ltr'>sign.</span> <span class='ocrx_word' id='word_1_126' title='bbox 616 2136 650 2205; x_wconf 88' lang='lat' dir='ltr'>D,</span> <span class='ocrx_word' id='word_1_127' title='bbox 681 2137 727 2196; x_wconf 89' lang='grc'><em>16.</em></span> 
     </span>
    </p>
   </div>
   <div class='ocr_carea' id='block_1_7' title="bbox 356 2304 1259 2388">
    <p class='ocr_par' dir='ltr' id='par_1_7' title="bbox 356 2304 1259 2388">
     <span class='ocr_line' id='line_1_16' title="bbox 356 2304 1259 2388; baseline -0.012 -3"><span class='ocrx_word' id='word_1_128' title='bbox 356 2304 437 2387; x_wconf 81' lang='grc'>698</span> <span class='ocrx_word' id='word_1_129' title='bbox 716 2306 785 2381; x_wconf 89' lang='lat' dir='ltr'>IV.</span> <span class='ocrx_word' id='word_1_130' title='bbox 814 2305 857 2381; x_wconf 90' lang='lat' dir='ltr'>E.</span> <span class='ocrx_word' id='word_1_131' title='bbox 885 2304 947 2380; x_wconf 84' lang='grc'><em>18.</em></span> <span class='ocrx_word' id='word_1_132' title='bbox 977 2322 1023 2384; x_wconf 80' lang='lat' dir='ltr'>rr.</span> <span class='ocrx_word' id='word_1_133' title='bbox 1042 2321 1064 2373; x_wconf 88' lang='lat'>1.</span> <span class='ocrx_word' id='word_1_134' title='bbox 1081 2323 1106 2383; x_wconf 81' lang='lat' dir='ltr'>a</span> <span class='ocrx_word' id='word_1_135' title='bbox 1126 2339 1152 2376; x_wconf 76' lang='lat' dir='ltr'>n.</span> <span class='ocrx_word' id='word_1_136' title='bbox 1170 2326 1225 2388; x_wconf 78' lang='lat'>57.)</span> <span class='ocrx_word' id='word_1_137' title='bbox 1255 2307 1259 2314; x_wconf 86' lang='grc'><em>“</em></span> 
     </span>
    </p>
   </div>
   <div class='ocr_carea' id='block_1_8' title="bbox 253 2426 1518 2512">
    <p class='ocr_par' dir='ltr' id='par_1_8' title="bbox 253 2426 1518 2512">
     <span class='ocr_line' id='line_1_17' title="bbox 253 2426 1518 2512; baseline 0.002 -22"><span class='ocrx_word' id='word_1_138' title='bbox 253 2429 362 2490; x_wconf 77' lang='lat' dir='ltr'>ciart.</span> <span class='ocrx_word' id='word_1_139' title='bbox 385 2445 470 2490; x_wconf 82' lang='lat' dir='ltr'>saec.</span> <span class='ocrx_word' id='word_1_140' title='bbox 495 2426 565 2490; x_wconf 89' lang='lat' dir='ltr'>XV</span> <span class='ocrx_word' id='word_1_141' title='bbox 583 2427 680 2508; x_wconf 75' lang='lat' dir='ltr'>(pars</span> <span class='ocrx_word' id='word_1_142' title='bbox 702 2449 734 2490; x_wconf 92' lang='lat' dir='ltr'>a.</span> <span class='ocrx_word' id='word_1_143' title='bbox 758 2429 858 2504; x_wconf 78' lang='lat'><em>1448)</em></span> <span class='ocrx_word' id='word_1_144' title='bbox 876 2429 916 2512; x_wconf 73' lang='lat' dir='ltr'>ff.</span> <span class='ocrx_word' id='word_1_145' title='bbox 938 2429 1003 2492; x_wconf 82' lang='lat'>327</span> <span class='ocrx_word' id='word_1_146' title='bbox 1027 2447 1132 2507; x_wconf 70' lang='lat' dir='ltr'>num,</span> <span class='ocrx_word' id='word_1_147' title='bbox 1153 2429 1307 2508; x_wconf 85' lang='lat'><em>21&gt;&lt;15</em></span> <span class='ocrx_word' id='word_1_148' title='bbox 1331 2447 1393 2492; x_wconf 88' lang='lat' dir='ltr'>cm.</span> <span class='ocrx_word' id='word_1_149' title='bbox 1417 2430 1447 2492; x_wconf 83' lang='lat' dir='ltr'>d.</span> <span class='ocrx_word' id='word_1_150' title='bbox 1472 2449 1518 2492; x_wconf 92' lang='lat' dir='ltr'>m.</span> 
     </span>
    </p>
   </div>
   <div class='ocr_carea' id='block_1_9' title="bbox 253 2532 1660 3742">
    <p class='ocr_par' dir='ltr' id='par_1_9' title="bbox 253 2532 1660 2788">
     <span class='ocr_line' id='line_1_18' title="bbox 362 2532 1660 2608; baseline 0.002 -14"><span class='ocrx_word' id='word_1_151' title='bbox 362 2533 383 2594; x_wconf 91' lang='lat' dir='ltr'>i.</span> <span class='ocrx_word' id='word_1_152' title='bbox 412 2532 557 2595; x_wconf 75' lang='lat'><strong>1-193⁸</strong></span> <span class='ocrx_word' id='word_1_153' title='bbox 579 2535 739 2608; x_wconf 86' lang='lat' dir='ltr'>(anepigr.)</span> <span class='ocrx_word' id='word_1_154' title='bbox 771 2534 946 2597; x_wconf 87' lang='lat' dir='ltr'>Johannis</span> <span class='ocrx_word' id='word_1_155' title='bbox 970 2535 1012 2596; x_wconf 90' lang='lat' dir='ltr'>de</span> <span class='ocrx_word' id='word_1_156' title='bbox 1035 2533 1153 2597; x_wconf 91' lang='lat' dir='ltr'>Balbis</span> <span class='ocrx_word' id='word_1_157' title='bbox 1183 2533 1373 2598; x_wconf 89' lang='lat' dir='ltr'>Januensis</span> <span class='ocrx_word' id='word_1_158' title='bbox 1403 2533 1574 2598; x_wconf 88' lang='lat' dir='ltr'>Prosodia</span> <span class='ocrx_word' id='word_1_159' title='bbox 1596 2552 1660 2598; x_wconf 88' lang='lat' dir='ltr'>scu</span> 
     </span>
     <span class='ocr_line' id='line_1_19' title="bbox 253 2619 1659 2700; baseline 0.001 -18"><span class='ocrx_word' id='word_1_160' title='bbox 253 2619 471 2686; x_wconf 87' lang='lat' dir='ltr'>Catholicon.</span> <span class='ocrx_word' id='word_1_161' title='bbox 500 2619 676 2681; x_wconf 80' lang='lat' dir='ltr'>»Prosodia</span> <span class='ocrx_word' id='word_1_162' title='bbox 698 2621 840 2699; x_wconf 89' lang='lat' dir='ltr'>quedam</span> <span class='ocrx_word' id='word_1_163' title='bbox 865 2639 942 2700; x_wconf 89' lang='lat' dir='ltr'>pars</span> <span class='ocrx_word' id='word_1_164' title='bbox 964 2625 1175 2700; x_wconf 85' lang='lat' dir='ltr'>grammatice</span> <span class='ocrx_word' id='word_1_165' title='bbox 1200 2627 1424 2700; x_wconf 82' lang='lat' dir='ltr'>nuncupatur«</span> <span class='ocrx_word' id='word_1_166' title='bbox 1451 2624 1484 2680; x_wconf 91' lang='lat'>&gt;&lt;</span> <span class='ocrx_word' id='word_1_167' title='bbox 1511 2622 1603 2683; x_wconf 81' lang='lat' dir='ltr'>»vide</span> <span class='ocrx_word' id='word_1_168' title='bbox 1627 2627 1659 2683; x_wconf 91' lang='lat' dir='ltr'>in</span> 
     </span>
     <span class='ocr_line' id='line_1_20' title="bbox 256 2705 1266 2788; baseline 0 -20"><span class='ocrx_word' id='word_1_169' title='bbox 256 2722 319 2768; x_wconf 91' lang='lat' dir='ltr'>suo</span> <span class='ocrx_word' id='word_1_170' title='bbox 344 2709 416 2768; x_wconf 93' lang='lat' dir='ltr'>loco</span> <span class='ocrx_word' id='word_1_171' title='bbox 440 2707 481 2767; x_wconf 89' lang='lat' dir='ltr'>de</span> <span class='ocrx_word' id='word_1_172' title='bbox 505 2706 670 2785; x_wconf 90' lang='lat' dir='ltr'>periodus.</span> <span class='ocrx_word' id='word_1_173' title='bbox 694 2705 734 2768; x_wconf 86' lang='lat' dir='ltr'>Et</span> <span class='ocrx_word' id='word_1_174' title='bbox 758 2705 880 2769; x_wconf 73' lang='lat' dir='ltr'>sic&#39;est</span> <span class='ocrx_word' id='word_1_175' title='bbox 905 2707 1266 2788; x_wconf 68' lang='lat' dir='ltr'>finishuiusjopcris«</span> 
     </span>
    </p>

    <p class='ocr_par' dir='ltr' id='par_1_10' title="bbox 364 2790 825 2855">
     <span class='ocr_line' id='line_1_21' title="bbox 364 2790 825 2855; baseline 0.002 -1"><span class='ocrx_word' id='word_1_176' title='bbox 364 2793 387 2854; x_wconf 90' lang='lat' dir='ltr'>i.</span> <span class='ocrx_word' id='word_1_177' title='bbox 413 2790 577 2854; x_wconf 80' lang='lat'>194-201</span> <span class='ocrx_word' id='word_1_178' title='bbox 605 2810 712 2854; x_wconf 88' lang='lat' dir='ltr'>vacua</span> <span class='ocrx_word' id='word_1_179' title='bbox 739 2801 825 2855; x_wconf 90' lang='lat' dir='ltr'>sunt.</span> 
     </span>
    </p>

    <p class='ocr_par' dir='ltr' id='par_1_11' title="bbox 253 2878 1660 3306">
     <span class='ocr_line' id='line_1_22' title="bbox 362 2878 1657 2960; baseline 0.001 -19"><span class='ocrx_word' id='word_1_180' title='bbox 362 2880 382 2941; x_wconf 93' lang='grc'><em>1.</em></span> <span class='ocrx_word' id='word_1_181' title='bbox 407 2878 607 2942; x_wconf 86' lang='grc'><strong>202·-308·</strong></span> <span class='ocrx_word' id='word_1_182' title='bbox 641 2879 800 2960; x_wconf 81' lang='lat' dir='ltr'>(anepigr.)</span> <span class='ocrx_word' id='word_1_183' title='bbox 830 2879 1013 2944; x_wconf 86' lang='lat' dir='ltr'>Tractatus</span> <span class='ocrx_word' id='word_1_184' title='bbox 1049 2882 1092 2943; x_wconf 91' lang='lat' dir='ltr'>de</span> <span class='ocrx_word' id='word_1_185' title='bbox 1126 2881 1240 2944; x_wconf 89' lang='lat' dir='ltr'>modis</span> <span class='ocrx_word' id='word_1_186' title='bbox 1273 2879 1493 2960; x_wconf 88' lang='lat' dir='ltr'>significandi</span> <span class='ocrx_word' id='word_1_187' title='bbox 1524 2879 1570 2960; x_wconf 88' lang='lat' dir='ltr'>(in</span> <span class='ocrx_word' id='word_1_188' title='bbox 1593 2882 1657 2944; x_wconf 86' lang='lat' dir='ltr'>fine</span> 
     </span>
     <span class='ocr_line' id='line_1_23' title="bbox 253 2966 1657 3048; baseline -0.001 -18"><span class='ocrx_word' id='word_1_189' title='bbox 253 2975 415 3034; x_wconf 83' lang='lat' dir='ltr'>mancus).</span> <span class='ocrx_word' id='word_1_190' title='bbox 444 2966 628 3045; x_wconf 82' lang='lat' dir='ltr'>»Quoniam</span> <span class='ocrx_word' id='word_1_191' title='bbox 652 2973 762 3028; x_wconf 86' lang='lat' dir='ltr'>autem</span> <span class='ocrx_word' id='word_1_192' title='bbox 786 2968 960 3048; x_wconf 90' lang='lat' dir='ltr'>intelligere</span> <span class='ocrx_word' id='word_1_193' title='bbox 984 2975 1017 3030; x_wconf 89' lang='lat' dir='ltr'>et</span> <span class='ocrx_word' id='word_1_194' title='bbox 1047 2973 1130 3029; x_wconf 87' lang='lat' dir='ltr'>scire</span> <span class='ocrx_word' id='word_1_195' title='bbox 1151 2973 1323 3048; x_wconf 83' lang='lat' dir='ltr'>contingit«</span> <span class='ocrx_word' id='word_1_196' title='bbox 1345 2967 1378 3028; x_wconf 94' lang='grc'>&gt;&lt;</span> <span class='ocrx_word' id='word_1_197' title='bbox 1393 2967 1445 3030; x_wconf 85' lang='lat' dir='ltr'>»Si</span> <span class='ocrx_word' id='word_1_198' title='bbox 1469 2976 1578 3030; x_wconf 85' lang='lat' dir='ltr'>autem</span> <span class='ocrx_word' id='word_1_199' title='bbox 1603 2969 1657 3029; x_wconf 91' lang='lat' dir='ltr'>de-</span> 
     </span>
     <span class='ocr_line' id='line_1_24' title="bbox 253 3053 1656 3135; baseline -0.001 -19"><span class='ocrx_word' id='word_1_200' title='bbox 253 3057 442 3116; x_wconf 89' lang='lat' dir='ltr'>terminacio</span> <span class='ocrx_word' id='word_1_201' title='bbox 466 3053 645 3115; x_wconf 91' lang='lat' dir='ltr'>indelebilis</span> <span class='ocrx_word' id='word_1_202' title='bbox 668 3053 797 3115; x_wconf 86' lang='lat' dir='ltr'>addita«</span> <span class='ocrx_word' id='word_1_203' title='bbox 824 3053 956 3128; x_wconf 91' lang='lat' dir='ltr'>(Cetera</span> <span class='ocrx_word' id='word_1_204' title='bbox 978 3055 1206 3116; x_wconf 85' lang='lat' dir='ltr'>desiderantur</span> <span class='ocrx_word' id='word_1_205' title='bbox 1230 3056 1443 3134; x_wconf 89' lang='lat' dir='ltr'>sequentibus</span> <span class='ocrx_word' id='word_1_206' title='bbox 1466 3058 1589 3135; x_wconf 87' lang='lat' dir='ltr'>aliquot</span> <span class='ocrx_word' id='word_1_207' title='bbox 1604 3055 1656 3116; x_wconf 71' lang='lat' dir='ltr'>iol,</span> 
     </span>
     <span class='ocr_line' id='line_1_25' title="bbox 254 3140 1660 3219; baseline 0 -17"><span class='ocrx_word' id='word_1_208' title='bbox 254 3146 381 3204; x_wconf 86' lang='lat' dir='ltr'>vacuis.</span> <span class='ocrx_word' id='word_1_209' title='bbox 412 3140 506 3219; x_wconf 90' lang='lat' dir='ltr'>Opus</span> <span class='ocrx_word' id='word_1_210' title='bbox 538 3141 601 3203; x_wconf 86' lang='lat' dir='ltr'>boc</span> <span class='ocrx_word' id='word_1_211' title='bbox 633 3145 666 3203; x_wconf 91' lang='lat' dir='ltr'>in</span> <span class='ocrx_word' id='word_1_212' title='bbox 696 3141 770 3204; x_wconf 91' lang='lat' dir='ltr'>cod.</span> <span class='ocrx_word' id='word_1_213' title='bbox 795 3140 842 3202; x_wconf 93' lang='lat' dir='ltr'>lli.</span> <span class='ocrx_word' id='word_1_214' title='bbox 867 3142 907 3202; x_wconf 87' lang='lat' dir='ltr'>A.</span> <span class='ocrx_word' id='word_1_215' title='bbox 931 3142 952 3202; x_wconf 88' lang='lat'>5</span> <span class='ocrx_word' id='word_1_216' title='bbox 980 3177 1013 3186; x_wconf 93' lang='lat'>-</span> <span class='ocrx_word' id='word_1_217' title='bbox 1042 3149 1075 3204; x_wconf 91' lang='lat' dir='ltr'>et</span> <span class='ocrx_word' id='word_1_218' title='bbox 1096 3143 1170 3203; x_wconf 90' lang='lat' dir='ltr'>alibi</span> <span class='ocrx_word' id='word_1_219' title='bbox 1200 3142 1241 3204; x_wconf 87' lang='lat' dir='ltr'>ci.</span> <span class='ocrx_word' id='word_1_220' title='bbox 1266 3140 1390 3204; x_wconf 88' lang='lat' dir='ltr'>Schum</span> <span class='ocrx_word' id='word_1_221' title='bbox 1415 3177 1453 3186; x_wconf 98' lang='lat'>-</span> <span class='ocrx_word' id='word_1_222' title='bbox 1479 3143 1660 3204; x_wconf 87' lang='lat' dir='ltr'>attribuitur</span> 
     </span>
     <span class='ocr_line' id='line_1_26' title="bbox 254 3226 924 3306; baseline -0.001 -15"><span class='ocrx_word' id='word_1_223' title='bbox 254 3227 407 3291; x_wconf 85' lang='lat' dir='ltr'>Thomae</span> <span class='ocrx_word' id='word_1_224' title='bbox 431 3227 657 3306; x_wconf 89' lang='lat' dir='ltr'>grammatico</span> <span class='ocrx_word' id='word_1_225' title='bbox 680 3226 924 3305; x_wconf 82' lang='lat' dir='ltr'>Eriordiensi).</span> 
     </span>
    </p>

    <p class='ocr_par' dir='ltr' id='par_1_12' title="bbox 254 3311 1660 3742">
     <span class='ocr_line' id='line_1_27' title="bbox 361 3311 1658 3394; baseline 0.001 -18"><span class='ocrx_word' id='word_1_226' title='bbox 361 3315 382 3376; x_wconf 86' lang='lat' dir='ltr'>i.</span> <span class='ocrx_word' id='word_1_227' title='bbox 406 3313 612 3376; x_wconf 79' lang='lat'>309⁸-327·</span> <span class='ocrx_word' id='word_1_228' title='bbox 633 3311 723 3394; x_wconf 85' lang='lat' dir='ltr'>Mag.</span> <span class='ocrx_word' id='word_1_229' title='bbox 738 3313 890 3378; x_wconf 82' lang='lat' dir='ltr'>&#39;ibamac</span> <span class='ocrx_word' id='word_1_230' title='bbox 902 3313 1137 3377; x_wconf 79' lang='lat' dir='ltr'>liriordiensis</span> <span class='ocrx_word' id='word_1_231' title='bbox 1148 3314 1331 3378; x_wconf 86' lang='lat' dir='ltr'>Tractatus</span> <span class='ocrx_word' id='word_1_232' title='bbox 1342 3318 1384 3378; x_wconf 89' lang='lat' dir='ltr'>de</span> <span class='ocrx_word' id='word_1_233' title='bbox 1397 3315 1658 3378; x_wconf 87' lang='lat' dir='ltr'>constructione</span> 
     </span>
     <span class='ocr_line' id='line_1_28' title="bbox 254 3400 1659 3482; baseline 0.001 -19"><span class='ocrx_word' id='word_1_234' title='bbox 254 3401 408 3480; x_wconf 88' lang='lat' dir='ltr'>partium</span> <span class='ocrx_word' id='word_1_235' title='bbox 442 3400 611 3464; x_wconf 89' lang='lat' dir='ltr'>orationis</span> <span class='ocrx_word' id='word_1_236' title='bbox 646 3400 682 3462; x_wconf 90' lang='lat' dir='ltr'>in</span> <span class='ocrx_word' id='word_1_237' title='bbox 712 3406 811 3464; x_wconf 88' lang='lat' dir='ltr'>sect</span> <span class='ocrx_word' id='word_1_238' title='bbox 843 3401 921 3463; x_wconf 87' lang='lat' dir='ltr'>suis</span> <span class='ocrx_word' id='word_1_239' title='bbox 942 3401 1102 3479; x_wconf 90' lang='lat' dir='ltr'>partibus</span> <span class='ocrx_word' id='word_1_240' title='bbox 1131 3419 1211 3465; x_wconf 92' lang='lat' dir='ltr'>cum</span> <span class='ocrx_word' id='word_1_241' title='bbox 1233 3401 1329 3465; x_wconf 91' lang='lat' dir='ltr'>notis</span> <span class='ocrx_word' id='word_1_242' title='bbox 1353 3401 1601 3482; x_wconf 80' lang='lat' dir='ltr'>marginalibus</span> <span class='ocrx_word' id='word_1_243' title='bbox 1624 3407 1659 3464; x_wconf 90' lang='lat' dir='ltr'>et</span> 
     </span>
     <span class='ocr_line' id='line_1_29' title="bbox 257 3487 1660 3568; baseline -0.001 -18"><span class='ocrx_word' id='word_1_244' title='bbox 257 3487 549 3550; x_wconf 86' lang='lat' dir='ltr'>interlinearibus.</span> <span class='ocrx_word' id='word_1_245' title='bbox 578 3488 644 3548; x_wconf 82' lang='lat' dir='ltr'>»Ad</span> <span class='ocrx_word' id='word_1_246' title='bbox 667 3489 938 3566; x_wconf 87' lang='lat' dir='ltr'>cognoscendum</span> <span class='ocrx_word' id='word_1_247' title='bbox 962 3495 1111 3551; x_wconf 89' lang='lat' dir='ltr'>naturam</span> <span class='ocrx_word' id='word_1_248' title='bbox 1135 3493 1416 3551; x_wconf 83' lang='lat' dir='ltr'>construccionis«</span> <span class='ocrx_word' id='word_1_249' title='bbox 1444 3492 1475 3548; x_wconf 91' lang='lat'>&gt;&lt;</span> <span class='ocrx_word' id='word_1_250' title='bbox 1502 3487 1660 3568; x_wconf 82' lang='lat' dir='ltr'>»Explicit</span> 
     </span>
     <span class='ocr_line' id='line_1_30' title="bbox 260 3573 1660 3655; baseline 0 -19"><span class='ocrx_word' id='word_1_251' title='bbox 260 3583 369 3636; x_wconf 86' lang='lat' dir='ltr'>textus</span> <span class='ocrx_word' id='word_1_252' title='bbox 402 3573 531 3636; x_wconf 89' lang='lat' dir='ltr'>Thome</span> <span class='ocrx_word' id='word_1_253' title='bbox 567 3573 785 3636; x_wconf 88' lang='lat' dir='ltr'>Erlordiensis</span> <span class='ocrx_word' id='word_1_254' title='bbox 820 3575 931 3637; x_wconf 86' lang='lat' dir='ltr'>finitus</span> <span class='ocrx_word' id='word_1_255' title='bbox 966 3593 1023 3654; x_wconf 89' lang='lat' dir='ltr'>per</span> <span class='ocrx_word' id='word_1_256' title='bbox 1054 3593 1106 3636; x_wconf 87' lang='lat' dir='ltr'>me</span> <span class='ocrx_word' id='word_1_257' title='bbox 1130 3575 1307 3655; x_wconf 90' lang='lat' dir='ltr'>Gmuigroe</span> <span class='ocrx_word' id='word_1_258' title='bbox 1331 3577 1389 3652; x_wconf 79' lang='lat' dir='ltr'>(z</span> <span class='ocrx_word' id='word_1_259' title='bbox 1401 3575 1604 3655; x_wconf 79' lang='lat' dir='ltr'>Georgium)</span> <span class='ocrx_word' id='word_1_260' title='bbox 1628 3581 1660 3636; x_wconf 91' lang='lat' dir='ltr'>et</span> 
     </span>
     <span class='ocr_line' id='line_1_31' title="bbox 257 3660 1657 3742; baseline 0 -18"><span class='ocrx_word' id='word_1_261' title='bbox 257 3663 320 3724; x_wconf 90' lang='lat' dir='ltr'>hoc</span> <span class='ocrx_word' id='word_1_262' title='bbox 356 3663 429 3722; x_wconf 91' lang='lat' dir='ltr'>sub.</span> <span class='ocrx_word' id='word_1_263' title='bbox 452 3679 482 3723; x_wconf 90' lang='lat' dir='ltr'>a.</span> <span class='ocrx_word' id='word_1_264' title='bbox 507 3661 537 3722; x_wconf 92' lang='lat' dir='ltr'>d.</span> <span class='ocrx_word' id='word_1_265' title='bbox 565 3660 647 3724; x_wconf 85' lang='grc'><em>1448</em></span> <span class='ocrx_word' id='word_1_266' title='bbox 671 3669 766 3723; x_wconf 84' lang='lat' dir='ltr'>sexta</span> <span class='ocrx_word' id='word_1_267' title='bbox 799 3661 855 3724; x_wconf 86' lang='lat' dir='ltr'>ier.</span> <span class='ocrx_word' id='word_1_268' title='bbox 887 3668 963 3740; x_wconf 90' lang='lat' dir='ltr'>post</span> <span class='ocrx_word' id='word_1_269' title='bbox 987 3662 1106 3723; x_wconf 80' lang='lat' dir='ltr'>testum</span> <span class='ocrx_word' id='word_1_270' title='bbox 1130 3667 1374 3742; x_wconf 79' lang='lat' dir='ltr'>assumptionis</span> <span class='ocrx_word' id='word_1_271' title='bbox 1398 3681 1425 3724; x_wconf 91' lang='lat' dir='ltr'>s.</span> <span class='ocrx_word' id='word_1_272' title='bbox 1450 3661 1570 3724; x_wconf 81' lang='lat' dir='ltr'>Maria«</span> <span class='ocrx_word' id='word_1_273' title='bbox 1595 3711 1601 3724; x_wconf 90' lang='lat'><strong>.</strong></span> <span class='ocrx_word' id='word_1_274' title='bbox 1622 3707 1657 3724; x_wconf 94' lang='lat'>..</span> 
     </span>
    </p>
   </div>
   <div class='ocr_carea' id='block_1_10' title="bbox 366 3768 1659 3840">
    <p class='ocr_par' dir='ltr' id='par_1_13' title="bbox 366 3768 1659 3840">
     <span class='ocr_line' id='line_1_32' title="bbox 366 3768 1659 3840; baseline 0 -16"><span class='ocrx_word' id='word_1_275' title='bbox 366 3768 520 3840; x_wconf 90' lang='lat' dir='ltr'>Operculis</span> <span class='ocrx_word' id='word_1_276' title='bbox 544 3769 673 3838; x_wconf 89' lang='lat' dir='ltr'>adligata</span> <span class='ocrx_word' id='word_1_277' title='bbox 695 3776 723 3824; x_wconf 89' lang='lat' dir='ltr'>et</span> <span class='ocrx_word' id='word_1_278' title='bbox 746 3769 930 3838; x_wconf 86' lang='lat' dir='ltr'>adglutinata</span> <span class='ocrx_word' id='word_1_279' title='bbox 953 3776 1023 3824; x_wconf 89' lang='lat' dir='ltr'>sunt</span> <span class='ocrx_word' id='word_1_280' title='bbox 1046 3769 1207 3840; x_wconf 84' lang='lat' dir='ltr'>fragmenta</span> <span class='ocrx_word' id='word_1_281' title='bbox 1230 3771 1388 3826; x_wconf 91' lang='lat' dir='ltr'>membran.</span> <span class='ocrx_word' id='word_1_282' title='bbox 1413 3772 1479 3827; x_wconf 90' lang='lat' dir='ltr'>cod.</span> <span class='ocrx_word' id='word_1_283' title='bbox 1504 3770 1659 3825; x_wconf 89' lang='lat' dir='ltr'>cuiusdam</span> 
     </span>
    </p>
   </div>
   <div class='ocr_carea' id='block_1_11' title="bbox 255 3853 1658 4012">
    <p class='ocr_par' dir='ltr' id='par_1_14' title="bbox 255 3853 1658 4012">
     <span class='ocr_line' id='line_1_33' title="bbox 255 3853 1658 3929; baseline 0.001 -19"><span class='ocrx_word' id='word_1_284' title='bbox 255 3855 412 3926; x_wconf 86' lang='lat' dir='ltr'>theologici</span> <span class='ocrx_word' id='word_1_285' title='bbox 437 3870 516 3910; x_wconf 87' lang='lat' dir='ltr'>saec.</span> <span class='ocrx_word' id='word_1_286' title='bbox 539 3853 617 3924; x_wconf 86' lang='lat' dir='ltr'><strong>XIV,</strong></span> <span class='ocrx_word' id='word_1_287' title='bbox 641 3857 671 3910; x_wconf 95' lang='lat' dir='ltr'>in</span> <span class='ocrx_word' id='word_1_288' title='bbox 694 3855 802 3926; x_wconf 90' lang='lat' dir='ltr'>quibus</span> <span class='ocrx_word' id='word_1_289' title='bbox 824 3861 853 3912; x_wconf 89' lang='lat' dir='ltr'>et</span> <span class='ocrx_word' id='word_1_290' title='bbox 876 3855 906 3910; x_wconf 92' lang='lat' dir='ltr'>in</span> <span class='ocrx_word' id='word_1_291' title='bbox 922 3856 970 3912; x_wconf 86' lang='lat' dir='ltr'>iol.</span> <span class='ocrx_word' id='word_1_292' title='bbox 996 3856 1086 3913; x_wconf 88' lang='lat' dir='ltr'>chart.</span> <span class='ocrx_word' id='word_1_293' title='bbox 1103 3855 1206 3912; x_wconf 88' lang='lat' dir='ltr'>ultimo</span> <span class='ocrx_word' id='word_1_294' title='bbox 1230 3872 1290 3912; x_wconf 89' lang='lat' dir='ltr'>non</span> <span class='ocrx_word' id='word_1_295' title='bbox 1307 3872 1387 3918; x_wconf 87' lang='lat' dir='ltr'>num.</span> <span class='ocrx_word' id='word_1_296' title='bbox 1403 3859 1514 3929; x_wconf 86' lang='lat' dir='ltr'>passim</span> <span class='ocrx_word' id='word_1_297' title='bbox 1532 3856 1658 3912; x_wconf 90' lang='lat' dir='ltr'>occurrit</span> 
     </span>
     <span class='ocr_line' id='line_1_34' title="bbox 259 3941 1001 4012; baseline 0.004 -14"><span class='ocrx_word' id='word_1_298' title='bbox 259 3959 286 4000; x_wconf 76' lang='lat' dir='ltr'>a,</span> <span class='ocrx_word' id='word_1_299' title='bbox 314 3943 404 4000; x_wconf 79' lang='lat'>1451.</span> <span class='ocrx_word' id='word_1_300' title='bbox 429 3941 522 3997; x_wconf 87' lang='lat' dir='ltr'>Vetus</span> <span class='ocrx_word' id='word_1_301' title='bbox 546 3942 621 4012; x_wconf 88' lang='lat' dir='ltr'>sign.</span> <span class='ocrx_word' id='word_1_302' title='bbox 645 3942 709 3999; x_wconf 88' lang='lat' dir='ltr'>libr.</span> <span class='ocrx_word' id='word_1_303' title='bbox 734 3941 832 4004; x_wconf 86' lang='lat' dir='ltr'>Carol.</span> <span class='ocrx_word' id='word_1_304' title='bbox 857 3941 887 4009; x_wconf 85' lang='lat' dir='ltr'>S,</span> <span class='ocrx_word' id='word_1_305' title='bbox 913 3943 942 4008; x_wconf 90' lang='lat'>8,</span> <span class='ocrx_word' id='word_1_306' title='bbox 966 3941 1001 4001; x_wconf 87' lang='lat' dir='ltr'>K.</span> 
     </span>
    </p>
   </div>
   <div class='ocr_carea' id='block_1_12' title="bbox 255 4109 1660 4610">
    <p class='ocr_par' dir='ltr' id='par_1_15' title="bbox 255 4109 1660 4610">
     <span class='ocr_line' id='line_1_35' title="bbox 360 4109 1197 4193; baseline -0.006 0"><span class='ocrx_word' id='word_1_307' title='bbox 360 4109 439 4193; x_wconf 75' lang='grc'>699</span> <span class='ocrx_word' id='word_1_308' title='bbox 699 4111 769 4187; x_wconf 92' lang='lat' dir='ltr'>IV.</span> <span class='ocrx_word' id='word_1_309' title='bbox 800 4111 843 4188; x_wconf 90' lang='lat' dir='ltr'>E.</span> <span class='ocrx_word' id='word_1_310' title='bbox 871 4111 933 4186; x_wconf 86' lang='lat'>19.</span> <span class='ocrx_word' id='word_1_311' title='bbox 953 4127 1080 4188; x_wconf 71' lang='lat' dir='ltr'>rw.</span> <span class='ocrx_word' id='word_1_312' title='bbox 1100 4143 1124 4178; x_wconf 80' lang='lat' dir='ltr'>n.</span> <span class='ocrx_word' id='word_1_313' title='bbox 1143 4130 1197 4188; x_wconf 76' lang='lat'>³1.)</span> 
     </span>
     <span class='ocr_line' id='line_1_36' title="bbox 255 4233 1657 4402; baseline 0 -108"><span class='ocrx_word' id='word_1_314' title='bbox 255 4235 485 4402; x_wconf 44' lang='lat' dir='ltr'>fssssrtpicgaec.</span> <span class='ocrx_word' id='word_1_315' title='bbox 516 4233 585 4296; x_wconf 87' lang='lat' dir='ltr'>XV</span> <span class='ocrx_word' id='word_1_316' title='bbox 612 4235 658 4314; x_wconf 85' lang='lat' dir='ltr'>(a.</span> <span class='ocrx_word' id='word_1_317' title='bbox 689 4234 817 4305; x_wconf 66' lang='grc'><em>11559)</em></span> <span class='ocrx_word' id='word_1_318' title='bbox 837 4233 887 4314; x_wconf 88' lang='lat' dir='ltr'>ss.</span> <span class='ocrx_word' id='word_1_319' title='bbox 923 4235 989 4298; x_wconf 83' lang='lat'>298</span> <span class='ocrx_word' id='word_1_320' title='bbox 1010 4253 1114 4309; x_wconf 68' lang='lat' dir='ltr'>num„</span> <span class='ocrx_word' id='word_1_321' title='bbox 1147 4235 1188 4297; x_wconf 86' lang='lat'>21</span> <span class='ocrx_word' id='word_1_322' title='bbox 1204 4235 1332 4311; x_wconf 83' lang='lat'><em>&gt;&lt;15·5</em></span> <span class='ocrx_word' id='word_1_323' title='bbox 1359 4251 1422 4297; x_wconf 84' lang='lat' dir='ltr'>cm.</span> <span class='ocrx_word' id='word_1_324' title='bbox 1454 4237 1472 4328; x_wconf 83' lang='grc'><em>1</em></span> <span class='ocrx_word' id='word_1_325' title='bbox 1504 4253 1550 4298; x_wconf 88' lang='lat' dir='ltr'>m.</span> <span class='ocrx_word' id='word_1_326' title='bbox 1582 4251 1657 4316; x_wconf 68' lang='lat' dir='ltr'>eterit</span> 
     </span>
     <span class='ocr_line' id='line_1_37' title="bbox 256 4441 1660 4522; baseline -0.001 -16"><span class='ocrx_word' id='word_1_327' title='bbox 256 4443 460 4506; x_wconf 86' lang='lat' dir='ltr'>Aristotelis</span> <span class='ocrx_word' id='word_1_328' title='bbox 490 4441 752 4522; x_wconf 87' lang='lat' dir='ltr'>Metaphysicae</span> <span class='ocrx_word' id='word_1_329' title='bbox 785 4443 864 4505; x_wconf 90' lang='lat' dir='ltr'>iibri</span> <span class='ocrx_word' id='word_1_330' title='bbox 894 4443 958 4506; x_wconf 87' lang='lat' dir='ltr'>XII</span> <span class='ocrx_word' id='word_1_331' title='bbox 987 4461 1067 4506; x_wconf 90' lang='lat' dir='ltr'>cum</span> <span class='ocrx_word' id='word_1_332' title='bbox 1101 4445 1196 4506; x_wconf 91' lang='lat' dir='ltr'>notis</span> <span class='ocrx_word' id='word_1_333' title='bbox 1218 4441 1469 4522; x_wconf 86' lang='lat' dir='ltr'>marginalibus</span> <span class='ocrx_word' id='word_1_334' title='bbox 1493 4447 1529 4504; x_wconf 89' lang='lat' dir='ltr'>et</span> <span class='ocrx_word' id='word_1_335' title='bbox 1552 4441 1660 4504; x_wconf 91' lang='lat' dir='ltr'>inter-</span> 
     </span>
     <span class='ocr_line' id='line_1_38' title="bbox 583 4524 1328 4610; baseline 0.003 -18"><span class='ocrx_word' id='word_1_336' title='bbox 583 4529 773 4593; x_wconf 89' lang='lat' dir='ltr'>linearibus</span> <span class='ocrx_word' id='word_1_337' title='bbox 796 4529 884 4610; x_wconf 83' lang='lat' dir='ltr'>Mag.</span> <span class='ocrx_word' id='word_1_338' title='bbox 907 4529 1051 4593; x_wconf 83' lang='lat' dir='ltr'>Martini</span> <span class='ocrx_word' id='word_1_339' title='bbox 1074 4533 1116 4594; x_wconf 91' lang='lat' dir='ltr'>de</span> <span class='ocrx_word' id='word_1_340' title='bbox 1138 4524 1328 4609; x_wconf 81' lang='lat' dir='ltr'>liciepnr&#39;lr.</span> 
     </span>
    </p>
   </div>
   <div class='ocr_carea' id='block_1_13' title="bbox 258 4633 1657 4804">
    <p class='ocr_par' dir='ltr' id='par_1_16' title="bbox 258 4633 1657 4804">
     <span class='ocr_line' id='line_1_39' title="bbox 364 4633 1657 4716; baseline -0.001 -21"><span class='ocrx_word' id='word_1_341' title='bbox 364 4635 386 4695; x_wconf 82' lang='lat' dir='ltr'>i.</span> <span class='ocrx_word' id='word_1_342' title='bbox 414 4635 516 4695; x_wconf 87' lang='lat'>1-12</span> <span class='ocrx_word' id='word_1_343' title='bbox 540 4633 637 4696; x_wconf 90' lang='lat' dir='ltr'>Varia</span> <span class='ocrx_word' id='word_1_344' title='bbox 659 4641 813 4714; x_wconf 87' lang='lat' dir='ltr'>excerpta</span> <span class='ocrx_word' id='word_1_345' title='bbox 835 4636 877 4696; x_wconf 92' lang='lat' dir='ltr'>ad</span> <span class='ocrx_word' id='word_1_346' title='bbox 901 4634 1162 4716; x_wconf 87' lang='lat' dir='ltr'>Metaphysicam</span> <span class='ocrx_word' id='word_1_347' title='bbox 1186 4639 1366 4715; x_wconf 86' lang='lat' dir='ltr'>spectantia</span> <span class='ocrx_word' id='word_1_348' title='bbox 1388 4638 1445 4709; x_wconf 88' lang='lat' dir='ltr'>(ex</span> <span class='ocrx_word' id='word_1_349' title='bbox 1460 4633 1532 4696; x_wconf 87' lang='lat' dir='ltr'>Joh.</span> <span class='ocrx_word' id='word_1_350' title='bbox 1563 4634 1657 4696; x_wconf 91' lang='lat' dir='ltr'>Duns</span> 
     </span>
     <span class='ocr_line' id='line_1_40' title="bbox 258 4719 1101 4804; baseline 0.001 -20"><span class='ocrx_word' id='word_1_351' title='bbox 258 4719 368 4792; x_wconf 88' lang='lat' dir='ltr'>Scoto,</span> <span class='ocrx_word' id='word_1_352' title='bbox 392 4719 526 4782; x_wconf 88' lang='lat' dir='ltr'>Nicolao</span> <span class='ocrx_word' id='word_1_353' title='bbox 550 4721 686 4795; x_wconf 90' lang='lat' dir='ltr'>Boneto,</span> <span class='ocrx_word' id='word_1_354' title='bbox 710 4720 885 4784; x_wconf 89' lang='lat' dir='ltr'>Francisco</span> <span class='ocrx_word' id='word_1_355' title='bbox 909 4722 1101 4804; x_wconf 82' lang='lat' dir='ltr'>Mayronis).</span> 
     </span>
    </p>
   </div>
   <div class='ocr_carea' id='block_1_14' title="bbox 366 4823 1658 4890">
    <p class='ocr_par' dir='ltr' id='par_1_17' title="bbox 366 4823 1658 4890">
     <span class='ocr_line' id='line_1_41' title="bbox 366 4823 1658 4890; baseline 0 -4"><span class='ocrx_word' id='word_1_356' title='bbox 366 4825 386 4886; x_wconf 87' lang='lat' dir='ltr'>f.</span> <span class='ocrx_word' id='word_1_357' title='bbox 417 4825 470 4886; x_wconf 74' lang='lat'>13³</span> <span class='ocrx_word' id='word_1_358' title='bbox 499 4823 644 4888; x_wconf 86' lang='lat' dir='ltr'>»Omnes</span> <span class='ocrx_word' id='word_1_359' title='bbox 679 4828 830 4889; x_wconf 89' lang='lat' dir='ltr'>homines</span> <span class='ocrx_word' id='word_1_360' title='bbox 865 4834 981 4890; x_wconf 88' lang='lat' dir='ltr'>natura</span> <span class='ocrx_word' id='word_1_361' title='bbox 1004 4833 1086 4890; x_wconf 88' lang='lat' dir='ltr'>scire</span> <span class='ocrx_word' id='word_1_362' title='bbox 1110 4827 1315 4889; x_wconf 85' lang='lat' dir='ltr'>desiderant«</span> <span class='ocrx_word' id='word_1_363' title='bbox 1341 4827 1524 4890; x_wconf 68' lang='grc' dir='ltr'>&gt;&lt;1.298ι</span> <span class='ocrx_word' id='word_1_364' title='bbox 1553 4843 1658 4888; x_wconf 84' lang='lat' dir='ltr'>»unus</span> 
     </span>
    </p>
   </div>
   <div class='ocr_carea' id='block_1_15' title="bbox 257 4913 1662 5085">
    <p class='ocr_par' dir='ltr' id='par_1_18' title="bbox 257 4913 1662 5085">
     <span class='ocr_line' id='line_1_42' title="bbox 257 4913 1662 4994; baseline 0 -21"><span class='ocrx_word' id='word_1_365' title='bbox 257 4929 335 4991; x_wconf 88' lang='lat' dir='ltr'>ergo</span> <span class='ocrx_word' id='word_1_366' title='bbox 360 4915 541 4992; x_wconf 48' lang='lat' dir='ltr'>princepsa</span> <span class='ocrx_word' id='word_1_367' title='bbox 568 4913 633 4987; x_wconf 87' lang='lat' dir='ltr'>(Ad</span> <span class='ocrx_word' id='word_1_368' title='bbox 657 4915 781 4976; x_wconf 89' lang='lat' dir='ltr'>calcem</span> <span class='ocrx_word' id='word_1_369' title='bbox 794 4920 815 4988; x_wconf 78' lang='lat' dir='ltr'>z)</span> <span class='ocrx_word' id='word_1_370' title='bbox 842 4915 899 4975; x_wconf 85' lang='lat' dir='ltr'>·A.</span> <span class='ocrx_word' id='word_1_371' title='bbox 926 4913 1008 4977; x_wconf 81' lang='lat'>1455</span> <span class='ocrx_word' id='word_1_372' title='bbox 1032 4917 1094 4994; x_wconf 88' lang='lat' dir='ltr'>legi</span> <span class='ocrx_word' id='word_1_373' title='bbox 1118 4922 1150 4976; x_wconf 90' lang='lat' dir='ltr'>et</span> <span class='ocrx_word' id='word_1_374' title='bbox 1172 4915 1314 4976; x_wconf 90' lang='lat' dir='ltr'>breviter</span> <span class='ocrx_word' id='word_1_375' title='bbox 1335 4917 1539 4994; x_wconf 88' lang='lat' dir='ltr'>comportavi</span> <span class='ocrx_word' id='word_1_376' title='bbox 1563 4930 1662 4992; x_wconf 89' lang='lat' dir='ltr'>super</span> 
     </span>
     <span class='ocr_line' id='line_1_43' title="bbox 259 4999 1491 5085; baseline 0.004 -25"><span class='ocrx_word' id='word_1_377' title='bbox 259 5000 320 5060; x_wconf 88' lang='lat' dir='ltr'>bac</span> <span class='ocrx_word' id='word_1_378' title='bbox 344 4999 684 5085; x_wconf 40' lang='lat' dir='ltr'>metaphysica-Mag.</span> <span class='ocrx_word' id='word_1_379' title='bbox 707 5000 880 5064; x_wconf 83' lang='lat' dir='ltr'>Martinus</span> <span class='ocrx_word' id='word_1_380' title='bbox 902 5001 1131 5080; x_wconf 83' lang='lat' dir='ltr'>Horzepnik.«</span> <span class='ocrx_word' id='word_1_381' title='bbox 1489 5037 1491 5040; x_wconf 95' lang='lat'>·</span> 
     </span>
    </p>
   </div>
   <div class='ocr_carea' id='block_1_16' title="bbox 934 5225 984 5274">
    <p class='ocr_par' dir='ltr' id='par_1_19' title="bbox 934 5225 984 5274">
     <span class='ocr_line' id='line_1_44' title="bbox 934 5225 984 5274; baseline -0.02 0"><span class='ocrx_word' id='word_1_382' title='bbox 934 5225 984 5274; x_wconf 80' lang='lat'>279</span> 
     </span>
    </p>
   </div>
   <div class='ocr_carea' id='block_1_17' title="bbox 0 0 2002 5956">
    <p class='ocr_par' dir='ltr' id='par_1_20' title="bbox 0 0 2002 5956">
     <span class='ocr_line' id='line_1_45' title="bbox 0 0 2002 5956; baseline 0 0"><span class='ocrx_word' id='word_1_383' title='bbox 0 0 2002 5956; x_wconf 95' lang='lat' dir='ltr'> </span> 
     </span>
    </p>
   </div>
  </div>
 </body>
</html>
