4046 5972
939 545 998 607 136

373 752 393 813 1.
419 751 579 814 71·-72·
605 757 708 826 (nanu
730 757 897 828 recentiori)
923 752 1094 833 »Sequitur
1115 754 1225 815 tabula
1248 769 1347 832 super
1367 755 1537 818 Rosarlum
1553 755 1667 832 1495«,

266 855 330 918 qua
352 840 504 901 absoluta
526 855 608 900 voce
635 842 792 903 »locutio«
818 843 1009 920 compilator
1031 841 1137 902 addit:
1164 838 1304 920 »Scripsi
1328 849 1486 922 quantum
1511 849 1665 924 repperi«

265 926 349 987 Ante
372 926 393 986 1.
419 925 454 986 71
483 932 516 987 11
538 931 614 1003 post
638 925 677 987 72
701 930 823 1006 aliquot
846 927 921 988 lolia
944 934 1022 988 sunt
1044 932 1164 988 excisa.

373 1012 392 1072 l.
420 1009 602 1072 73⁸-242b
630 1012 818 1077 Sermones
848 1013 938 1076 varii
967 1017 1013 1088 (in
1037 1013 1102 1074 fine
1126 1018 1242 1086 manci,
1267 1016 1386 1094 quibus
1410 1021 1534 1095 passim
1557 1051 1599 1060 -
1615 1033 1666 1078 ex.

264 1115 309 1176 gr.
335 1098 354 1160 1.
384 1097 438 1160 191
467 1106 500 1160 et
526 1098 586 1160 195
608 1135 651 1142 —
674 1104 842 1180 inspersae
873 1107 951 1161 sunt
983 1101 1026 1160 ab
1049 1104 1129 1178 ipsis
1152 1103 1341 1162 auctoribus
1364 1119 1471 1165 voces
1495 1102 1565 1165 imo
1589 1121 1666 1166 scn-

263 1183 393 1248 tentiac
417 1184 646 1265 bohemicae).

371 1355 444 1437 134
868 1359 898 1434 I.
928 1359 965 1434 C.
993 1359 1055 1434 42.

264 1494 371 1558 chart.
395 1515 483 1560 saec.
508 1497 597 1560 XVI
605 1497 655 1577 ff.
679 1499 741 1561 171
768 1517 870 1570 terim„
894 1497 1035 1560 28><2i
1060 1515 1124 1560 cm.
1148 1497 1170 1560 2
1192 1517 1236 1560 m.

370 1617 514 1682 blissalc
537 1625 587 1694 (ut
609 1620 735 1681 videtur
758 1636 828 1682 sec.
852 1619 1026 1680 rubricam
1048 1619 1201 1698 archiep.
1225 1618 1438 1698 Pragcnsis).

372 1703 390 1766 1.
420 1709 452 1768 1²
478 1707 655 1786 »Incipiunt
678 1709 946 1784 praephationes‹
973 1712 1063 1778 (cum
1087 1711 1173 1767 notis
1197 1709 1355 1780 musicis).

371 1791 390 1852 1.
421 1793 474 1854 14·
501 1791 585 1855 Nota
617 1798 782 1871 scriptoris
813 1794 992 1854 rubricata:
1031 1790 1132 1854 »Huic
1167 1794 1239 1856 loco
1270 1792 1382 1853 aderat
1412 1792 1557 1855 Joannes
1578 1793 1667 1858 Kord

263 1873 486 1940 Trebonensis
509 1899 537 1942 a.
563 1881 593 1942 d.
622 1877 734 1941 1551·.

366 1983 534 2057 Sequuntur
557 1989 668 2058 aliquot
692 1988 760 2044 solia
783 1990 933 2059 quaternis
956 1987 1042 2042 lineis
1065 1987 1161 2042 rubris
1177 1989 1228 2042 sed
1247 1988 1350 2042 vacuis
1366 1988 1521 2059 instructa,
1538 2003 1663 2059 quorum

262 2069 435 2172 1111111511.
464 2075 499 2130 15
523 2071 551 2132 81
577 2076 630 2146 16)
653 2077 749 2130 scriba
779 2074 899 2146 quidam
934 2075 1091 2130 modernus
1125 2073 1280 2144 epistolam
1310 2080 1339 2129 et
1373 2087 1479 2144 evang.
1514 2077 1664 2146 quoddam

261 2171 308 2212 ins
412 2204 418 2218 ,

309 2167 600 2308 erlpiltlss—lili'
628 2243 755 2306 Textus
778 2245 921 2304 missalis
944 2244 986 2302 ab
1009 2243 1109 2303 altero
1134 2243 1241 2304 scriba
1264 2250 1428 2305 exaratus,

367 2349 409 2406 Ex
432 2353 501 2410 bibl.
526 2367 633 2412 canon.
658 2369 716 2422 reg.
741 2367 766 2410 s.
790 2353 866 2424 Aug.
890 2350 1082 2408 Tiebonensi.

367 2517 434 2599 135
853 2521 880 2596 l
915 2519 952 2595 C.
981 2519 1042 2594 43.

261 2657 370 2720 chart.
393 2677 481 2721 saec.
504 2657 573 2720 XV
591 2661 688 2741 (pars
710 2678 743 2722 a.
767 2659 867 2738 1421)
879 2658 929 2738 ss.
953 2661 1020 2722 195
1039 2678 1143 2737 1111111,
1166 2661 1207 2722 31
1222 2659 1311 2720 ><22
1332 2676 1395 2720 cm.
1420 2659 1442 2720 2
1464 2677 1508 2722 m.

370 2778 389 2840 1.
418 2776 576 2841 11-1531
599 2780 787 2859 (Johannis
810 2780 1093 2860 chrysostomii)
1122 2779 1307 2859 Expositio
1329 2781 1503 2858 evangelii
1526 2797 1554 2842 a.
1578 2781 1665 2844 Mat-

260 2865 354 2928 thaei
377 2882 450 2943 cap.
477 2866 591 2929 1-23.
607 2865 717 2930 »Sicut
740 2867 889 2942 referunt,
913 2867 1082 2928 Matheum
1105 2869 1310 2930 conscribere
1335 2869 1539 2944 evangelium
1563 2885 1665 2930 causa

262 2955 395 3014 contulit
419 2955 508 3014 talis·
537 3005 542 3016 .
569 3002 574 3014 .
601 3005 607 3016 .
633 2957 665 3014 ><
691 2957 760 3017 »alii
783 2963 893 3016 autem
914 2972 972 3034 per
994 2956 1140 3034 singulas
1164 2958 1349 3032 provincias
1373 2954 1510 3032 dispersi
1529 2962 1606 3016 sunt
1629 2963 1665 3016 ut

262 3044 400 3117 perirent
422 3047 455 3100 et
477 3044 523 3102 sic
548 3048 599 3102 est
621 3041 696 3104 finis
708 3042 748 3116 (?)
772 3048 830 3103 etc.
856 3040 916 3106 Cui
939 3043 1099 3102 honoret
1122 3042 1243 3102 decus«
1271 3092 1276 3101 .
1303 3089 1309 3100 .
1336 3091 1341 3102 .

366 3146 585 3218 Expositionem
615 3150 692 3206 hanc
721 3165 879 3221 possessor
907 3151 972 3205 libri
1005 3163 1083 3205 saec.
1114 3147 1169 3203 XV
1199 3150 1376 3202 intrinsecus
1408 3163 1504 3218 opere.
1528 3163 1594 3219 sup.
1619 3165 1663 3204 re-

261 3235 351 3304 gistro
374 3237 513 3291 instruxit
532 3240 693 3292 secundum
717 3239 870 3308 pericopas
893 3253 908 3292 e
931 3235 1080 3292 Matthaeo
1103 3250 1154 3306 per
1169 3235 1310 3289 circulum
1330 3236 1399 3289 anni
1415 3235 1574 3305 legendas;
1597 3237 1664 3290 ideo

262 3323 291 3374 in
315 3321 456 3376 schedula
479 3324 617 3393 operculo
634 3339 699 3394 sup.
723 3324 907 3394 adglutinata
929 3324 1055 3378 occurrit
1078 3322 1179 3377 titulus
1202 3323 1315 3376 codicis
1339 3325 1436 3376 minus
1459 3324 1571 3376 iustus:
1597 3321 1664 3377 Ser-

263 3422 364 3462 mones
398 3410 433 3463 de
463 3416 592 3481 tempore
622 3419 650 3466 et
680 3413 715 3465 de
746 3413 867 3466 sanctis,
898 3409 967 3465 Post
997 3410 1016 3465 1.
1052 3409 1110 3464 153
1146 3415 1309 3480 sequuntur
1337 3407 1450 3479 aliquot
1473 3408 1542 3463 11111
1566 3425 1660 3464 vacua

263 3509 321 3548 non
346 3511 425 3550 num.

369 3595 390 3655 1.
419 3593 619 3658 1541-1911
642 3597 830 3660 Sermones
861 3594 992 3673 aliquot
1021 3597 1063 3657 de
1093 3595 1278 3657 animabus
1310 3600 1346 3655 et
1374 3596 1415 3655 de
1439 3593 1665 3657 dedicatione.

262 3681 295 3742 ln
319 3681 384 3742 line
408 3685 510 3744 ruba:
546 3683 701 3763 »Explicit
723 3703 751 3744 a.
777 3684 807 3744 d.
835 3681 936 3744 1421·
963 3683 1093 3756 (eadem
1110 3699 1210 3742 manu
1233 3683 1430 3742 rubricatum
1454 3685 1486 3741 in
1509 3683 1663 3760 operculo

262 3767 334 3828 ini:
363 3769 506 3831 »finitum
532 3772 645 3832 suba.
670 3771 701 3832 d.
731 3771 807 3832 1421
836 3777 980 3848 tempore
1004 3767 1331 3847 Wykleffistarum‹).

370 3855 390 3916 i.
420 3857 479 3918 195
503 3858 618 3919 Sermo
642 3859 682 3917 de
705 3875 841 3936 corpore
865 3855 984 3920 Christi
1007 3860 1053 3928 (in
1077 3855 1141 3916 fine
1166 3859 1329 3928 mancus).

366 3963 437 4020 Fata
460 3965 572 4021 codicis
595 3967 650 4020 hae
679 3973 767 4020 notae
799 3966 961 4020 illustrant:
997 3964 1027 4018 in
1050 3963 1141 4018 fronte
1165 3963 1183 4019 1.
1212 3964 1244 4017 1;
1272 3964 1376 4017 »detur
1398 3965 1519 4017 domino
1544 3961 1660 4031 Symul-

262 4050 362 4106 koni.·
388 4050 567 4108 Intrinsecus
590 4067 687 4123 opere.
711 4053 810 4108 iniec:
845 4053 912 4108 »fen
945 4049 985 4106 iv
1003 4050 1160 4122 Apollonie
1188 4049 1326 4104 dominus
1357 4048 1501 4120 Symulka
1524 4064 1663 4104 accomo-

262 4137 344 4192 davit
368 4139 436 4194 mihi
468 4138 575 4195 librum
605 4141 713 4194 hune«
749 4139 803 4194 »A.
836 4143 864 4195 d.
893 4138 972 4193 1458
997 4145 1064 4209 post
1087 4137 1138 4192 fer.
1161 4135 1202 4191 IV
1226 4143 1291 4190 ante
1316 4133 1392 4191 Galli
1416 4137 1494 4190 dom.
1520 4134 1663 4205 Symulka

262 4225 341 4279 dedit
365 4225 434 4280 mihi
464 4226 543 4281 hunc
573 4226 688 4294 librum,
721 4235 752 4283 11
775 4241 887 4282 orarem
918 4227 1005 4280 deum
1037 4239 1088 4295 pro
1112 4239 1147 4278 eo
1171 4230 1199 4279 et
1221 4224 1278 4278 hoc
1301 4223 1372 4278 volo
1395 4223 1518 4279 libenter
1540 4222 1662 4289 iacere«

265 4309 333 4366 »ten
363 4309 404 4366 1V
434 4320 502 4384 post
531 4312 675 4368 Leonardi
706 4321 840 4369 mortuus
870 4320 923 4380 est,
955 4314 1118 4382 requiescat
1140 4313 1170 4366 in
1193 4325 1296 4382 pace«
1332 4310 1378 4365 Ad
1401 4310 1512 4364 calcem
1535 4310 1666 4364 eiusdem

262 4399 408 4468 operculi:
436 4399 600 4456 »Dominus
623 4399 782 4471 Gregorius
805 4400 976 4471 capellanus
1000 4401 1035 4453 de
1059 4397 1191 4468 Pyesska
1213 4397 1301 4452 istum
1324 4398 1431 4452 librum
1455 4397 1664 4466 comparavit«

261 4483 294 4540 ln
318 4485 411 4542 fronte
435 4487 485 4544 iol.
514 4489 524 4542 l
555 4503 643 4542 manu
668 4489 793 4544 recenti:
822 4486 1010 4541 »Monasterii
1034 4484 1287 4540 Borovanensis«.

367 4653 433 4736 136
852 4656 882 4731 I.
912 4653 950 4729 C.
977 4654 1038 4728 44.

262 4796 371 4858 chart.
393 4813 481 4860 saec.
504 4797 573 4860 XV
583 4796 633 4877 ff.
657 4798 731 4872 154,
753 4797 797 4860 28
812 4796 839 4860 ><
854 4797 897 4859 20
919 4815 982 4858 cm.
1009 4797 1024 4857 i
1050 4815 1095 4858 m.

369 4919 551 4982 Tractatus
574 4920 616 4981 dc
639 4918 851 4995 poenitentia
875 4919 931 4997 (:
951 4918 1095 4980 Summa
1110 4918 1152 4977 de
1168 4914 1384 4994 poenitentia
1404 4909 1598 4974 Innocentii
1620 4907 1667 4970 1v

261 5007 313 5068 vel
336 5011 445 5085 potius
468 5007 619 5069 Thomae
643 5008 685 5069 de
709 5005 888 5084 Cabham).

305 5220 457 5280 inunctio:
477 5231 530 5275 111.
545 5230 599 5272 coc.
615 5229 660 5271 in.
952 5231 987 5279 aio
1515 5223 1527 5260 1
