4046 5972
1623 585 1658 638 xl

258 799 349 862 dices
372 803 405 861 ln
429 815 552 861 novum
576 799 722 860 ordinem
754 800 921 878 redegisse
956 797 1142 877 Leopoldus
1176 795 1396 860 Scherschnik
1430 798 1567 872 videtur,
1602 800 1656 878 qui

258 902 296 968 C.
319 902 365 964 lll.
388 901 538 976 Charuel,
570 901 603 966 S.
638 903 665 964 J.
698 903 867 982 quondam
902 903 1190 976 bibliothecarium,
1221 909 1337 980 postea
1370 904 1510 980 primum
1545 902 1656 964 biblio·

259 1007 373 1070 thecae
396 1007 544 1086 publicae
568 1006 778 1086 praefectum,
801 1007 876 1068 inde
893 1006 934 1068 ab
957 1021 986 1070 a.
1007 1005 1137 1067 1774111
1153 1005 1252 1066 rebus
1274 1005 1411 1083 agendis
1427 1002 1656 1086 adiuvabatt’),

258 1127 459 1191 quamquam
482 1115 548 1172 veri
572 1112 769 1174 simillimum
793 1118 844 1173 est
866 1111 1007 1173 eundem
1031 1115 1095 1172 iam
1111 1115 1208 1172 antea
1222 1111 1450 1170 historicorum
1475 1109 1656 1171 studiorum

258 1231 361 1277 causa
384 1219 416 1276 in
440 1215 634 1278 bibliotheca
656 1213 860 1278 Clementlna
882 1215 1052 1276 codicibus
1082 1213 1277 1292 indagandis
1301 1229 1434 1292 operam
1458 1213 1600 1288 dedisse,
1625 1214 1657 1275 id

258 1319 348 1398 quod
372 1319 442 1398 ipse
474 1315 649 1398 Dobner¹¹)
679 1320 731 1380 his
764 1319 873 1380 verbis
908 1324 1060 1380 testatur:
1110 1315 1349 1379 »Scherschnik
1380 1315 1527 1378 omnium
1558 1335 1658 1380 manu

259 1427 451 1502 scriptorum
485 1425 698 1484 bibliothecae
730 1422 950 1485 clementinae
989 1427 1177 1484 accuratum
1212 1421 1397 1498 catalogum
1432 1425 1655 1500 conscripsit«

260 1524 515 1588 Scherschnikio
539 1532 642 1606 igitur,
666 1544 867 1608 quamquam
883 1531 946 1589 iam
971 1545 999 1590 a,
1021 1525 1102 1588 1776
1118 1526 1221 1604 Praga
1235 1526 1322 1598 abiit,
1346 1525 1483 1588 debetur
1505 1527 1656 1589 codicum

259 1647 359 1692 manu
393 1635 586 1711 scriptorum
611 1632 789 1710 catalogus,
824 1636 918 1694 cuius
941 1634 1108 1712 exemplar
1136 1648 1164 1694 a.
1200 1631 1277 1696 1781
1316 1632 1514 1713 descriptum
1549 1631 1657 1692 adhuc

260 1740 376 1796 exstat.
400 1733 434 1798 ln
459 1739 541 1796 serie
576 1739 646 1796 eius
681 1739 804 1814 passim
840 1737 960 1797 desunt
994 1740 1178 1815 signaturae
1217 1743 1405 1817 spectantes
1438 1737 1481 1798 ad
1515 1736 1657 1809 codices,

260 1854 345 1916 quos
368 1841 432 1900 iam
456 1838 604 1899 librarius
629 1855 694 1900 non
719 1844 866 1920 repperit,
890 1844 1041 1919 quamvis
1064 1844 1162 1901 etiam
1186 1841 1338 1902 socordia
1360 1841 1507 1902 eiusden
1532 1844 1657 1919 passim

259 1948 423 2020 appareat.
470 1941 502 2002 ls
525 1944 700 2021 aliquando
723 1947 789 2004 veri
821 1950 926 2006 status
956 1948 1129 2006 immemor
1163 1945 1271 2005 titulos
1303 1944 1454 2006 codicum
1486 1943 1657 2034 scribebat,

260 2059 444 2123 quoscum
469 2052 586 2124 postea
608 2063 675 2109 non
699 2050 864 2120 inveniret,
896 2055 974 2110 nota
1011 2049 1141 2110 ›deest‹
1179 2048 1376 2121 instruebat;
1412 2049 1472 2109 sed
1507 2063 1657 2110 nonnun-

260 2163 358 2228 quam
382 2166 440 2228 per
462 2145 658 2230 errorem²²).
682 2149 859 2214 Socordiae
883 2153 998 2226 tribu0,
1023 2156 1051 2213 si
1074 2151 1208 2232 quando
1232 2156 1432 2230 signaturam
1456 2156 1566 2231 posuit
1588 2155 1658 2212 sine

259 2254 349 2315 titulo
371 2255 423 2315 vel
447 2255 689 2334 signaturamm
714 2256 860 2316 ordinem
885 2259 1089 2336 permutavit.
1112 2257 1147 2318 ln
1171 2257 1316 2335 partibus
1339 2255 1438 2317 huius
1461 2257 1599 2334 catalogi
1620 2254 1658 2318 Y.

262 2357 309 2420 lll.
345 2357 365 2419 6
399 2364 431 2419 et
465 2357 500 2421 ll.
532 2358 550 2418 7
582 2364 692 2432 (etlam
730 2360 794 2421 hoc
834 2361 1158 2440 hysteron-proteron
1196 2377 1430 2439 praeproperae
1463 2359 1659 2422 festinationi

258 2461 424 2536 adscribo)
447 2463 633 2542 complures
671 2467 857 2542 signaturae
880 2479 955 2526 cum
992 2465 1089 2526 titulis
1127 2467 1254 2526 calamo
1288 2465 1439 2526 inductae
1474 2469 1657 2538 occurrunt,

260 2569 315 2644 qul
339 2565 405 2626 libri
429 2565 573 2644 proiecto
596 2567 694 2629 nobis
725 2568 855 2640 desunt,
889 2585 965 2630 cum
998 2571 1041 2630 ab
1075 2573 1156 2649 ipsis
1190 2569 1324 2631 Jesuitis
1357 2571 1658 2631 commissariorum

260 2673 423 2747 permissu
453 2670 616 2733 combusti
655 2668 771 2748 sint²³).
817 2671 974 2753 Catalogo
1012 2673 1088 2735 huic
1125 2673 1236 2736 addita
1273 2680 1324 2735 est
1357 2677 1459 2734 series
1493 2671 1656 2734 titulorum

259 2774 462 2854 alphabetlca
484 2778 646 2839 mendosa
668 2784 701 2839 et
723 2781 854 2840 minime
878 2779 1011 2858 integra.

362 2931 414 2992 Ad
438 2933 570 2994 codices
594 2948 695 2994 manu
729 2936 867 3012 scriptos
900 2939 1082 2995 ceterorum
1118 2931 1151 2996 S.
1182 2933 1209 2996 J.
1244 2935 1452 3013 collegiorum
1486 2933 1656 3012 catalogus

262 3036 403 3097 hicnon
428 3043 564 3116 spectat,
598 3038 845 3117 comprehendit
878 3044 986 3099 autern
1021 3039 1155 3101 codices
1190 3039 1402 3101 bibliothecae
1436 3035 1658 3100 clementinae

261 3143 405 3215 minutia,
436 3145 468 3202 in
500 3159 565 3220 qua
599 3147 809 3204 asseverante
843 3141 1014 3219 Hanslilrio
1048 3142 1118 3204 libri
1150 3147 1269 3204 veteris
1303 3141 1429 3222 collegii
1463 3139 1604 3205 Carollni
1627 3146 1659 3202 et

261 3249 446 3306 monasterii
471 3243 660 3328 Ojvinensis
684 3247 760 3308 olim
783 3247 1046 3309 asservabantur.
1083 3247 1160 3308 ldeo
1191 3247 1301 3308 titulus
1336 3246 1416 3308 libro
1439 3264 1469 3308 a.
1498 3245 1573 3307 1781
1612 3249 1658 3307 111-

260 3351 400 3426 scriptus
423 3365 490 3411 11011
514 3349 622 3410 iustus
646 3358 713 3424 est;
749 3367 825 3412 nam
849 3357 918 3412 tum
942 3351 1139 3412 bibliotheca
1161 3356 1273 3412 nostra
1296 3351 1404 3429 plures
1435 3350 1568 3412 codices
1599 3350 1659 3411 ha-

259 3451 366 3525 bebat,
390 3469 489 3531 quam
513 3455 555 3514 ibi
578 3455 815 3517 describuntur.
861 3453 959 3534 Quod
982 3456 1047 3516 hoc
1070 3455 1171 3517 modo
1201 3455 1431 3534 explicandum
1460 3470 1538 3515 esse
1568 3460 1658 3533 put0.

258 3553 343 3618 Cum
374 3561 407 3619 ln
445 3557 648 3620 bibliothecis
686 3563 866 3620 ceterorum
898 3556 930 3621 S.
963 3558 990 3622 J.
1021 3560 1230 3638 collegiorum
1261 3565 1293 3620 et
1321 3563 1354 3621 in
1384 3575 1472 3621 nova
1509 3555 1659 3621 Carolina

259 3665 353 3740 pauci
377 3661 447 3722 libri
470 3678 570 3724 manu
594 3666 703 3742 scripti
726 3663 813 3724 libris
837 3667 971 3725 excusis
994 3667 1167 3726 intermixti
1183 3667 1339 3740 inessent,
1363 3662 1521 3725 officiales
1544 3662 1658 3724 biblio·

259 3765 372 3825 thecae
396 3764 544 3844 publicae
568 3783 672 3845 nuper
694 3771 891 3830 instauratae
914 3785 942 3831 a.
971 3766 1048 3830 1781
1083 3769 1115 3830 hi
1138 3769 1272 3830 codices
1294 3771 1449 3846 incogniti
1471 3767 1658 3846 aliquantis·

259 3884 317 3947 per
346 3868 508 3940 latebant;
543 3874 597 3947 qui
621 3877 797 3950 postquam
822 3875 937 3950 reperti
961 3879 1050 3946 sunt,
1084 3876 1161 3951 quia
1183 3871 1305 3934 interea
1334 3871 1576 3933 confluentibus
1600 3888 1658 3934 un-

258 3972 356 4050 dique
379 3989 398 4032 e
421 3979 630 4036 monasteriis
653 3975 782 4036 abolitis
816 3976 985 4037 codicibus
1009 3981 1105 4038 novis
1137 3978 1307 4055 catalogus
1338 3974 1658 4039 Scherschnikianus

258 4075 377 4138 inutilis
401 4093 477 4138 esse
500 4079 680 4156 videbatur,
703 4084 735 4142 in
759 4097 799 4142 eo
823 4096 889 4141 11011
914 4087 992 4144 sunt
1014 4082 1158 4161 inscripti
1181 4082 1241 4142 sed
1257 4085 1402 4161 sepositi,
1427 4081 1533 4142 donec
1550 4095 1658 4140 novus

258 4183 428 4260 catalogus
462 4189 637 4262 pararetur.
683 4182 875 4246 Referuntur
908 4192 1019 4247 autem
1054 4184 1353 4248 Scherschniklano
1387 4184 1538 4261 catalogo
1577 4181 1657 4246 1337

259 4277 393 4360 1111111011,
417 4303 459 4348 ex
482 4287 602 4366 quibus
627 4291 654 4348 si
679 4288 862 4368 dempseris
893 4289 936 4350 89
966 4295 1023 4352 aut
1057 4293 1307 4369 praetermissos
1340 4295 1398 4351 aut
1420 4308 1448 4351 a.
1478 4288 1554 4350 1781
1593 4288 1657 4349 iam

257 4455 465 4471 Q

365 4559 405 4646 ω)
427 4567 606 4639 Wurzbaoh,
629 4570 726 4643 Biogr.
752 4571 819 4629 Lex.
842 4569 947 4644 XXIX,
973 4573 1044 4632 220.

364 4665 404 4750 ²¹)
427 4675 554 4746 Dobner,
577 4674 709 4733 Monum.
733 4676 783 4746 lV,
808 4679 836 4736 2.

364 4769 404 4854 22)
428 4779 482 4841 Ex.
506 4797 548 4851 gr.
572 4781 755 4838 desideratus
779 4783 816 4838 ab
839 4799 874 4838 eo
897 4785 992 4839 codex
1014 4782 1050 4838 Y.
1073 4781 1095 4840 1.
1124 4785 1149 4840 l.
1174 4799 1201 4842 11,
1227 4783 1268 4840 116
1292 4784 1415 4839 habetur
1438 4783 1516 4854 apud
1531 4796 1586 4836 nos
1603 4781 1659 4837 sub

258 4867 334 4938 sign.
358 4867 395 4925 V.
419 4866 449 4926 F.
479 4869 534 4934 16;
568 4867 603 4924 Y.
627 4867 649 4925 1.
677 4869 702 4926 1.
728 4884 756 4926 n.
786 4871 844 4926 127
869 4871 924 4926 sub
948 4868 1024 4929 VIll.
1047 4868 1083 4926 H.
1107 4869 1165 4936 763
1200 4869 1235 4928 Y.
1260 4869 1281 4927 1.
1307 4870 1336 4928 3.
1360 4885 1388 4926 n.
1414 4869 1453 4927 29
1487 4869 1542 4924 sub
1566 4867 1602 4924 V.
1626 4866 1659 4926 B.

259 4953 295 5024 ³;
319 4953 352 5009 Y.
376 4954 398 5014 1.
423 4955 453 5020 4,
478 4975 506 5016 11.
531 4955 571 5014 83
595 4955 651 5010 sub
674 4956 722 5013 111.
747 4956 781 5016 Β,
807 4959 857 5016 21.

365 5052 405 5138 ²³)
428 5061 553 5118 Hanslik
575 5061 594 5116 l.
619 5079 645 5120 c.
674 5063 725 5122 69.
