4046 5972
1614 585 1649 638 tx

247 805 470 870 agnoscemus
490 785 634 874 'pristim'
663 793 818 856 thesauri
846 793 1015 858 librorum
1046 812 1154 861 manu
1176 798 1390 880 scriplorum,
1422 798 1543 878 quibus
1566 796 1648 858 olim

246 892 478 958 universitates
500 895 640 976 collegia
660 896 911 979 gloriabantur,
934 903 1098 978 quartam
1120 904 1250 964 tantum
1266 903 1402 984 partem
1423 905 1602 983 superasse.

350 999 394 1062 At
415 1000 573 1062 damnum
596 1001 659 1062 hoc
675 1005 749 1080 quis
765 1002 862 1064 nobis
881 1003 1005 1065 intulit?
1027 1005 1139 1067 Patres
1158 1004 1191 1068 S.
1201 989 1234 1072 Ι1,
1258 1011 1290 1069 in
1307 1010 1469 1086 propriam
1492 1007 1648 1067 librorum

248 1104 479 1183 supellectilem
502 1111 568 1166 tam
591 1106 803 1168 vehementer
825 1111 996 1181 saeviisse,
1019 1113 1055 1170 ut
1078 1115 1125 1171 tot
1154 1110 1286 1172 codices
1318 1126 1419 1171 manu
1451 1113 1560 1190 scripti
1593 1109 1649 1170 de·

248 1210 406 1286 perierint,
429 1225 492 1271 nec
515 1213 637 1271 ratione
660 1226 722 1272 nec
745 1210 952 1272 documentis
983 1213 1154 1291 probatur;
1190 1220 1303 1277 contra
1332 1218 1427 1276 certis
1458 1214 1648 1275 auctoribus

248 1315 468 1391 comperimus
502 1329 563 1374 eos
596 1330 727 1375 summa
760 1330 836 1376 cum
870 1315 1035 1394 voluptate
1070 1319 1297 1380 combussisse
1331 1319 1514 1378 haereticos
1548 1318 1648 1379 libros

248 1417 382 1490 alienoS,
406 1418 439 1478 in
461 1420 598 1495 propriis
620 1422 731 1478 autem
754 1418 933 1480 eorundem
966 1421 1207 1499 exemplaribus
1236 1421 1450 1483 asservandis
1480 1437 1648 1482 summam

248 1535 360 1581 curam
389 1519 590 1582 adhibuisse.
635 1519 677 1584 Et
708 1520 853 1600 prolecto
888 1539 931 1584 ex
965 1541 1078 1585 eorum
1112 1528 1258 1603 ipsorum
1294 1525 1496 1586 bibliothecis
1530 1529 1647 1587 mirum

248 1629 371 1702 quanta
403 1627 499 1703 copia
529 1641 664 1704 operum
698 1624 828 1700 Wiclifi,
862 1625 976 1702 Hussi‚
1011 1627 1165 1690 Jacobelli
1197 1630 1241 1691 ad
1275 1645 1338 1691 nos
1372 1628 1534 1708 pervenit!
1582 1627 1648 1690 Sed

248 1730 371 1805 priores
394 1727 659 1790 bibliothecarum
694 1745 909 1808 possessores
933 1737 966 1792 et
987 1738 1214 1810 procuratores
1237 1749 1337 1812 quam
1367 1737 1456 1812 parvi
1490 1736 1649 1794 aestima·

248 1833 351 1892 verint
372 1831 472 1892 libros
495 1847 595 1893 manu
619 1836 768 1912 scriptos
803 1835 911 1895 multis
943 1839 1136 1897 testimoniis
1170 1834 1389 1902 confirmatur.
1435 1836 1504 1898 lam
1528 1835 1648 1897 Rudni-

249 1938 339 1996 censi
362 1935 521 2013 catalogo,
545 1939 599 2013 qui
622 1936 664 1997 ad
688 1936 827 1998 duorum
860 1943 985 2000 tantum
1016 1939 1225 2018 collegiorum
1260 1940 1472 2002 bibliothecas
1509 1945 1646 2018 spectat,

248 2038 426 2100 edocemur
447 2043 533 2100 circa
554 2057 584 2101 a.
612 2039 687 2102 1461
727 2041 848 2102 multos
882 2042 983 2104 libros
1017 2043 1211 2122 deperiisse;
1247 2059 1345 2123 quam
1384 2045 1468 2104 male
1503 2047 1649 2122 magistri

248 2143 310 2220 ipsi
333 2141 506 2203 thesauros
529 2143 697 2204 litterarios
720 2147 911 2218 curaverint,
936 2145 988 2205 his
1012 2147 1171 2224 exemplis
1195 2145 1362 2225 detegitur.
1399 2145 1484 2209 Cum
1507 2165 1537 2210 a.
1566 2147 1649 2210 1434

249 2259 387 2308 necesse
411 2251 488 2320 erat,
512 2251 548 2306 ut
569 2246 694 2325 collegii
718 2244 859 2309 Carolini
883 2248 1078 2310 bibliotheca
1100 2249 1210 2312 denuo
1233 2250 1445 2322 ordinaretur,
1477 2252 1649 2313 studiosus

249 2349 381 2428 quidam
405 2347 519 2412 Simon
542 2345 764 2422 Modidlensis,
789 2355 843 2430 qui
868 2357 1127 2430 sequentianno
1151 2354 1320 2417 baccalarli
1343 2355 1482 2434 gradum
1507 2355 1649 2435 adeptus

249 2458 309 2526 est,
333 2453 477 2514 laborem
501 2453 588 2514 hunc
612 2454 711 2515 subiit
733 2462 766 2516 et
790 2462 884 2535 »post
907 2458 1016 2536 plures
1039 2463 1261 2537 septimanas«
1288 2459 1430 2540 perfecit.
1465 2459 1561 2522 Fisco
1586 2475 1649 2520 suo

250 2562 422 2637 parcentes
445 2561 589 2636 magistri
628 2565 722 2620 »tunc
746 2567 938 2639 praesentes
961 2565 994 2624 in
1017 2563 1172 2642 collegio«
1207 2564 1247 2626 illi
1271 2564 1421 2626 studioso
1456 2580 1515 2643 pro
1547 2567 1649 2642 pretio

250 2661 396 2723 codicem
424 2660 506 2724 1826
528 2662 703 2741 (Alphonsi
727 2668 811 2742 regis
834 2665 962 2727 tabulas
986 2673 1019 2727 et
1040 2668 1101 2728 alia
1124 2669 1283 2746 opuscula
1305 2672 1526 2730 astronomica
1548 2671 1649 2729 conti·

249 2769 395 2840 nentem)
421 2767 611 2846 »usquead
635 2767 706 2828 dies
739 2772 842 2830 vitae«
880 2770 1050 2844 dederunt,
1086 2777 1121 2832 ut
1143 2774 1175 2832 in
1209 2773 1362 2851 operculo
1397 2773 1545 2834 eiusdem
1580 2773 1649 2832 libri

250 2875 441 2932 annotatum
465 2875 524 2932 est.
547 2868 677 2934 Mortuo
701 2888 779 2934 mox
803 2871 937 2934 Simone
963 2877 1106 2952 contigit,
1130 2880 1166 2936 ut
1188 2875 1295 2937 codex
1311 2875 1525 2937 bibliothecae
1549 2874 1650 2938 Caro·

250 2974 333 3035 linae
368 2977 595 3038 restitueretur.
642 2974 785 3038 Fortuna
818 2982 883 3038 tam
919 2993 1076 3056 prospera
1110 2995 1176 3040 non
1210 2983 1360 3058 gavisum
1395 2984 1447 3040 est
1477 2981 1649 3058 collegium

253 3075 451 3152 ›Nationis‹,
475 3082 569 3140 cuius
592 3080 805 3142 directoribus
828 3081 1049 3142 annuentibus
1064 3099 1092 3144 a.
1122 3082 1204 3144 1449
1223 3082 1377 3145 Matthias
1401 3084 1442 3144 de
1465 3079 1648 3156 Jehnedn0,

250 3163 378 3244 stoma
406 3185 668 3261 cognominatus,
705 3183 765 3245 »de
795 3183 921 3245 libraria
945 3184 1065 3246 domus
1095 3183 1243 3248 Nationis
1278 3187 1520 3248 Bohemorum‹
1559 3203 1650 3265 prae-

250 3287 373 3348 clarum
395 3287 543 3348 codicem
565 3286 784 3366 Vergilianum
809 3306 896 3350 saec.
930 3288 983 3362 lX,
1015 3295 1069 3368 qui
1103 3307 1191 3352 nunc
1225 3295 1257 3352 in
1292 3293 1487 3352 bibliotheca
1521 3291 1650 3369 capituli

251 3391 486 3469 metropolitani
532 3391 704 3470 Pragensis
742 3388 984 3468 asservatur¹⁶),
1026 3411 1102 3473 »pro
1140 3396 1210 3456 aliis
1253 3395 1384 3456 duobus
1428 3394 1650 3456 voluminibus

250 3493 389 3556 eandem
413 3499 580 3557 materiam
615 3499 857 3559 continentibus
880 3496 922 3557 ad
946 3503 1095 3576 tempora
1117 3503 1201 3560 vitae
1232 3515 1313 3560 suae
1343 3503 1495 3562 exemit«.
1542 3497 1651 3559 Huius

250 3599 373 3678 collegii
397 3600 626 3662 bibliothecarii
650 3606 716 3662 tam
739 3601 948 3680 neglegenter
971 3618 1106 3663 munere
1130 3618 1193 3663 suo
1216 3601 1444 3680 iungebantur,
1480 3608 1516 3663 ut
1539 3620 1580 3663 ne
1604 3606 1650 3662 in-

250 3707 438 3783 scripserint
460 3704 591 3784 quidem
614 3705 730 3766 librum
754 3709 1028 3784 pretiosissimum
1052 3707 1201 3784 catalogo
1226 3706 1433 3768 Rudnicensi.
1458 3703 1524 3768 Sed
1549 3707 1651 3767 multo

250 3811 368 3868 tristior
390 3813 458 3870 erat
481 3824 554 3870 sors
576 3815 722 3871 veterum
745 3809 896 3871 codicum
921 3825 1008 3870 saec.
1032 3808 1116 3882 XVI,
1149 3827 1225 3871 cum
1248 3817 1315 3871 arte
1346 3811 1582 3890 typographica
1604 3814 1650 3870 ln-

250 3911 475 3973 crebrescente
505 3912 573 3973 libri
607 3929 707 3974 manu
742 3917 851 3992 scripti
886 3914 1112 3975 abolescerent
1143 3921 1175 3974 et
1198 3913 1410 3974 doctissimus
1445 3917 1585 3994 quisque
1609 3914 1651 3975 ab

250 4018 289 4076 iis
312 4015 459 4093 legendis
483 4018 706 4079 deduceretur.
730 4017 785 4079 lllo
809 4023 954 4096 tempore
977 4023 1106 4078 veteres
1129 4017 1261 4078 codices
1293 4021 1438 4096 inprimis
1470 4021 1500 4093 ii,
1532 4019 1650 4098 quibus

251 4121 378 4182 mediae
401 4126 516 4184 aetatis
549 4127 701 4183 auctores
735 4122 994 4197 continebantur,
1032 4122 1281 4183 bibliothecariis
1315 4122 1443 4183 inutiles
1468 4128 1499 4182 et
1522 4122 1651 4183 molesti

250 4225 454 4299 videbantur,
478 4231 718 4289 renascentium
754 4233 863 4287 autem
887 4227 1063 4287 litterarum
1095 4226 1252 4288 studiosis
1288 4233 1418 4306 propter
1450 4231 1651 4306 incomptam

253 4331 438 4392 latinitatem
478 4332 685 4393 stomachum
723 4331 908 4392 movebant.
955 4329 1095 4391 Horrore
1133 4337 1218 4391 certe
1257 4331 1466 4410 perfunditur,
1502 4334 1652 4410 quisquis

252 4440 351 4513 caput
373 4436 449 4496 illud
484 4437 553 4498 libn'
582 4427 818 4510 Winteriani¹⁶l
852 4436 993 4514 perlegit,
1029 4450 1095 4514 quo
1130 4435 1170 4495 de
1205 4435 1413 4513 collegiorum
1449 4434 1653 4496 bibliothecis

252 4555 341 4602 saec.
364 4537 437 4601 XVI
458 4546 491 4601 et
513 4538 599 4603 XVll
623 4540 799 4601 disseritur.
832 4537 977 4617 Magistri
1012 4543 1098 4600 enim
1133 4543 1193 4618 ipsi
1227 4546 1359 4601 auctore
1389 4538 1539 4600 Wintero
1574 4545 1652 4600 tunc

252 4642 384 4704 codices
408 4644 678 4705 membranaceos
702 4650 734 4704 et
759 4644 877 4705 »libros
900 4643 1084 4722 illegibiles«
1115 4645 1306 4722 bibliopegis
1330 4643 1551 4704 dissecandos
1574 4659 1653 4705 ven·

253 4746 383 4820 debant,
407 4749 620 4810 bibliothecae
643 4749 930 4826 neglegentissime
954 4748 1272 4822 administrabantur,
1296 4752 1373 4827 quin
1399 4751 1495 4809 etiam
1520 4765 1549 4808 a.
1571 4745 1653 4808 1603

361 4933 399 5016 ¹⁵)
422 4940 464 5000 ei.
489 4940 514 4999 J.
537 4941 630 5013 Kelle,
652 4942 824 5000 Klassische
846 4941 1072 5000 Handschn'ften
1095 4947 1125 4998 in
1148 4943 1252 5013 Preger
1273 4941 1485 5012 Bibliotheken,
1511 4959 1540 5014 p.
1565 4943 1595 5002 t.

361 5037 400 5119 ¹⁶)
423 5045 453 5107 Z.
477 5045 602 5116 winter,
625 5031 709 5104 Zivot
732 5064 771 5102 na
792 5041 960 5115 universim,
984 5064 1014 5118 p.
1039 5045 1221 5104 ata-385.
