4040 5954
1021 520 1102 582 1215

468 731 514 786 Ad
540 730 652 785 calcem
677 730 695 786 i.
725 722 778 786 17¹³
801 730 909 800 (ultimi
933 731 1109 802 membran.)
1124 731 1198 786 haec
1213 737 1283 786 nota
1299 733 1440 786 occurrit:
1467 730 1658 787 »Ulteriorem
1680 747 1764 787 men·

359 817 436 872 sium
467 819 571 872 seriem
607 833 674 873 cum
706 819 856 873 annotatis
887 817 1091 873 defunctorum
1126 817 1296 873 nominibus
1325 823 1354 872 et
1383 817 1494 889 origine
1517 817 1570 876 SS.
1595 817 1763 890 Cappanrm

358 905 479 974 quidam
502 904 577 974 (una
601 919 660 959 vox
684 911 845 960 atramento
868 904 957 975 illita)
974 903 1143 960 Crumlovio
1166 901 1240 976 (sic)
1256 903 1381 959 studiosi
1397 904 1571 960 exciderunt
1585 905 1616 959 in
1631 907 1762 976 capitulo

362 991 474 1048 1647«.
498 989 568 1045 Ideo
591 1005 658 1062 pars
683 990 803 1045 ulterior
824 991 979 1046 chartacea
1002 989 1102 1046 addita
1124 998 1178 1046 est.
1202 989 1225 1045 E
1248 999 1374 1046 monast.
1398 989 1429 1048 S.
1454 990 1597 1047 Coronae.

464 1157 559 1237 1215
954 1155 1034 1232 VII.
1063 1159 1109 1233 Α.
1137 1159 1172 1232 9.

357 1297 464 1358 chart.
490 1315 521 1361 a.
545 1297 632 1359 1756
648 1296 688 1379 ff.
713 1297 787 1372 156,
810 1297 954 1360 40)(27
976 1316 1040 1360 cm.
1063 1298 1081 1359 1
1107 1315 1153 1358 m.

356 1417 513 1479 Historia
542 1418 634 1480 sacri
666 1419 825 1481 canonici
856 1418 990 1480 ordinis
1020 1417 1287 1496 Crucigerorum
1316 1434 1396 1479 cum
1426 1417 1546 1482 Rubeo
1577 1418 1689 1482 Corde
1720 1420 1764 1482 de

356 1503 576 1566 Poenitentia
598 1505 787 1568 Beatorum
815 1505 1012 1584 Martyrum
1042 1510 1074 1566 in
1098 1509 1238 1582 quatuor
1271 1508 1426 1565 tractatus
1461 1507 1566 1566 divisa
1584 1551 1701 1570 .....
1719 1507 1764 1568 ad

358 1591 517 1652 bilancem
552 1594 782 1670 chronologiae
820 1597 1008 1654 examinata
1027 1639 1143 1658 .....
1160 1607 1222 1668 per
1259 1589 1433 1652 Joannem
1451 1591 1616 1654 Caroium
1651 1592 1762 1661 Rohn.

358 1676 519 1738 Boemum
543 1678 891 1757 Reichenbergensem‚
916 1679 1065 1739 eiusdem
1089 1677 1157 1739 ord.
1181 1676 1224 1737 ad
1242 1675 1274 1738 S.
1292 1675 1431 1739 Crucem
1458 1677 1616 1740 Maiorem
1640 1680 1763 1758 Pragae

737 1769 931 1826 canonicum
957 1767 1147 1843 regularem.
1172 1765 1210 1826 A.
1236 1763 1266 1825 d.
1293 1759 1386 1825 1756.

466 1872 508 1928 Ex
532 1875 634 1928 eodem
659 1876 848 1930 monasterio.

464 2023 703 2105 1216-1218
864 2023 948 2098 VII.
978 2023 1025 2099 Α.
1053 2023 1142 2113 ida,
1169 2022 1202 2111 b,
1228 2047 1255 2098 c.

358 2161 467 2223 chart.
492 2167 628 2243 autogr.
652 2182 676 2225 a
698 2162 918 2226 1714-1780
932 2160 981 2241 ss.
1004 2163 1079 2236 245,
1101 2163 1177 2238 227,
1199 2163 1274 2240 180,
1295 2164 1373 2226 355
1384 2167 1415 2220 ><
1428 2162 1472 2223 22
1481 2180 1543 2226 cm

356 2282 468 2345 Janus
504 2283 640 2348 bifrons
675 2289 880 2362 respectans
916 2283 1114 2361 praeterita,
1151 2300 1259 2362 agens
1296 2284 1508 2362 praesentia,
1545 2283 1764 2362 prospiciens

357 2368 497 2445 futuris,
528 2388 592 2432 seu
625 2371 727 2434 Liber
749 2370 883 2433 archivi
907 2370 931 2444 Ι,
954 2370 993 2444 ss,
1016 2370 1060 2431 111
1083 2370 1230 2432 Sanctae
1261 2371 1383 2433 Crucis
1414 2369 1652 2449 complectens
1686 2377 1766 2432 acta

357 2473 420 2534 per
440 2461 639 2534 temporum
669 2460 854 2520 decursum
878 2473 899 2517 a
922 2456 1034 2535 primo
1057 2456 1203 2536 Pragam
1221 2504 1229 2518 .
1249 2503 1284 2520 ..
1319 2457 1585 2535 crucigerorum
1607 2458 1638 2520 b.
1662 2463 1764 2520 mart.

357 2542 399 2604 de
443 2545 660 2621 poenitentia
704 2545 856 2607 adventu
876 2592 883 2605 .
904 2590 911 2604 .
932 2593 938 2605 .
958 2542 1130 2606 collecta.
1151 2595 1156 2606 .
1177 2593 1184 2605 .
1204 2545 1267 2605 sub
1312 2549 1548 2623 regimine...
1574 2543 1765 2606 Wenceslai

358 2629 570 2709 Kirchmayer
604 2633 644 2692 de
679 2630 855 2692 Reichwitz
892 2635 1067 2708 praepositi
1102 2631 1144 2692 ad
1169 2629 1202 2692 S.
1228 2629 1367 2693 Crucem
1401 2630 1560 2692 Maiorem
1583 2632 1695 2711 (scribi
1718 2636 1766 2692 in-

358 2718 490 2791 choata)
513 2734 543 2778 a.
571 2716 654 2779 1744
676 2718 727 2797 (et
748 2734 860 2794 usque
885 2718 929 2777 ad
952 2734 981 2778 a.
1011 2716 1094 2779 1780
1116 2717 1356 2796 procurrentia
1389 2732 1496 2795 opera
1519 2725 1553 2780 et
1576 2735 1683 2779 manu
1704 2717 1765 2780 Jo-

852 2804 980 2865 hannis
1005 2803 1123 2866 Caroli
1144 2803 1272 2882 Rohn).

466 2910 505 2966 Ut
528 2911 559 2966 in
582 2911 759 2982 praefatione
791 2911 857 2967 iibri
888 2911 1088 2981 Iedocemur‚
1121 2912 1167 2967 his
1199 2915 1292 2967 tribus
1324 2913 1406 2968 libris
1435 2916 1550 2967 tantum
1582 2919 1666 2969 sexta
1696 2929 1764 2984 pars

358 2998 456 3069 operis
488 2999 607 3054 maioris
638 3001 822 3066 continetur3
855 3004 966 3068 partem
987 3002 1146 3053 secundam
1177 2999 1243 3054 vide
1273 2999 1329 3054 sub
1352 2999 1407 3068 sig.
1431 2996 1507 3057 XHI.
1531 2999 1564 3056 B.
1590 3000 1619 3067 6,
1649 3001 1764 3054 tertiam

358 3087 413 3140 sub
436 3082 503 3141 XV.
517 3085 553 3140 A.
569 3086 596 3154 2,
613 3093 747 3155 quartam
762 3085 818 3140 sub
832 3083 894 3141 VII.
912 3085 947 3139 A.
970 3085 1017 3147 11,
1035 3085 1167 3155 quintam
1183 3086 1238 3140 sub
1254 3083 1333 3142 XIV.
1351 3085 1383 3141 C.
1402 3085 1420 3139 6
1438 3085 1544 3156 (prima
1559 3087 1763 3156 desideratur),

358 3173 485 3226 indicem
509 3171 600 3226 totius
624 3173 719 3242 operis
743 3173 798 3226 sub
823 3170 886 3229 VII.
910 3168 942 3224 B.
969 3169 997 3228 3.
1024 3170 1067 3226 Ex
1090 3179 1216 3228 monast.
1241 3171 1432 3243 Cyriaeorum
1455 3171 1537 3244 Prag.

466 3337 550 3419 1219
944 3339 1024 3415 VII.
1053 3341 1098 3415 A.
1126 3339 1184 3414 II.

358 3479 464 3539 chart.
489 3497 521 3538 a.
545 3478 762 3542 1741-1779
776 3477 825 3557 sf.
849 3478 924 3541 XII
928 3477 1004 3544 ÷L
1025 3479 1104 3557 (62),
1126 3479 1170 3541 36
1184 3481 1216 3536 ><
1230 3478 1272 3540 23
1294 3496 1357 3539 cm.
1382 3479 1412 3540 d.
1437 3497 1482 3540 m.

361 3599 487 3661 »Ortus
511 3605 546 3661 et
568 3616 716 3662 occasus
741 3646 750 3661 .
773 3646 781 3662 .
806 3646 814 3662 .
838 3600 1105 3679 Crucigerorum
1129 3616 1209 3661 cum
1230 3599 1351 3662 Rubeo
1375 3599 1489 3662 Corde
1504 3600 1549 3662 ad
1565 3600 1598 3664 S.
1616 3599 1764 3663 Crucem

357 3687 559 3749 Maiorem.
584 3733 591 3748 .
616 3735 623 3750 .
648 3705 711 3749 seu
746 3686 850 3749 Liber
872 3687 1008 3750 archivi
1030 3687 1064 3750 S.
1089 3686 1214 3748 Crucis
1238 3687 1425 3749 continens
1449 3689 1570 3750 litteras
1595 3690 1762 3757 natalium,

357 3774 611 3852 professionum,
636 3779 844 3841 emissarum.
870 3793 895 3836 s,
921 3776 1073 3836 ordinum
1098 3781 1329 3852 susceptorum
1361 3780 1394 3835 et
1416 3774 1591 3853 syllabam
1625 3773 1764 3852 religio-

358 3877 498 3922 sorum«
526 3909 531 3920 .
558 3907 566 3921 .
590 3907 598 3922 .
622 3861 824 3940 (inchoatus
848 3879 877 3923 a.
905 3859 985 3924 1741
1012 3869 1046 3922 et
1063 3877 1275 3938 procurrens
1291 3879 1403 3939 usque
1420 3862 1462 3923 ad
1478 3879 1507 3924 a.
1528 3859 1612 3924 1779
1630 3867 1763 3922 auctore

827 3947 991 4010 Johanne
1017 3947 1143 4010 Caroio
1167 3946 1294 4026 Rohn).

465 4054 517 4109 Est
539 4061 642 4125 quarta
665 4071 732 4125 pars
757 4059 852 4126 operis
877 4057 996 4111 maioris
1020 4055 1070 4125 (ci.
1095 4058 1162 4112 cod.
1186 4057 1337 4127 praeced.)
1363 4072 1499 4127 magnam
1533 4065 1645 4128 partem
1681 4065 1765 4112 auto-

357 4143 477 4214 grapha.
502 4141 545 4196 Ex
568 4149 695 4196 monast.
721 4141 911 4212 Cyriacorum
935 4143 1017 4212 Prag.

463 4309 557 4391 12211
946 4309 1027 4385 VII.
1055 4310 1102 4385 A.
1130 4310 1193 4386 12.

357 4450 546 4511 membran.
568 4466 656 4512 saec.
680 4449 765 4512 XIV
777 4447 826 4529 ff.
850 4450 923 4526 400,
947 4451 990 4512 37
1007 4453 1042 4524 ><
1057 4451 1102 4512 25
1121 4469 1184 4513 cm.
1208 4452 1239 4514 d.
1263 4468 1309 4514 m.

378 4570 595 4633 Breviarium
618 4572 812 4633 seeundum
843 4571 1019 4633 rubricam
1042 4570 1255 4651 Pragensem
1278 4574 1510 4652 praecedente
1533 4573 1740 4638 calendario.

462 4743 542 4823 1221
940 4742 1020 4819 VII.
1047 4745 1095 4820 Α.
1122 4744 1185 4821 13.

357 4885 466 4946 citari.
489 4901 579 4945 saec.
602 4881 835 4945 XVI-XVII
848 4882 887 4965 ff.
910 4883 984 4962 384,
1008 4885 1151 4946 35)(24
1174 4905 1236 4948 cm.
1262 4886 1293 4949 d.
1317 4905 1362 4948 m.

565 5005 860 5083 Antiphonarium
884 5005 1016 5068 missae
1040 5007 1135 5068 notis
1158 5007 1308 5071 musicis
1332 5007 1552 5073 instructum.

1034 5231 1085 5281 476
