3990 5956
1074 563 1139 625 669

511 770 532 831 l.
557 768 741 832 732-236b
765 771 990 850 (Haymonis)
1012 771 1195 850 Expositio
1227 787 1334 849 super
1355 770 1526 848 epistolas
1549 769 1650 831 Pauli
1672 772 1715 832 ad
1736 770 1805 832 Ro·

406 872 540 931 manoe,
564 856 776 934 Corinthios,
800 857 957 920 Gallatas
979 863 1011 920 in
1035 858 1100 919 fine
1123 861 1244 920 mutila.
1271 857 1340 919 »De
1363 861 1490 918 civitate
1514 855 1672 918 Chorinto
1688 865 1804 920 metro

402 943 467 1020 poli
490 943 644 1022 Achaye‹
664 947 697 1003 ><
712 946 808 1006 »dicit
829 946 861 1006 b.
884 945 1098 1024 leronymus:
1134 950 1210 1024 quia
1232 961 1331 1006 crux«
1357 950 1480 1018 (cetera
1502 944 1646 1020 desunt).

511 1051 558 1107 Ad
581 1051 693 1107 calcem
715 1052 734 1110 i.
763 1053 774 1106 l
802 1054 875 1109 haec
897 1060 970 1108 nota
991 1055 1133 1110 occurrit:
1160 1052 1236 1108 »Iste
1258 1053 1331 1108 liber
1354 1058 1398 1108 est
1414 1066 1531 1107 mone.
1548 1049 1648 1106 Karoli
1665 1052 1697 1106 in
1712 1051 1802 1122 Praga

402 1143 430 1191 et
453 1137 572 1193 fratrum
604 1140 736 1194 eiusdem
768 1141 855 1195 datus
885 1155 937 1210 per
957 1141 1062 1196 honor.
1086 1141 1180 1196 virum
1214 1139 1260 1210 pie
1284 1139 1422 1194 memorie
1445 1139 1525 1194 dom.
1547 1136 1713 1194 iohannem
1735 1138 1804 1194 Pro-

402 1232 512 1295 tywam
535 1225 605 1281 olim
628 1226 786 1297 plebanum
810 1227 915 1284 eccles.
941 1242 965 1284 s.
989 1225 1104 1281 Nicolai
1128 1225 1235 1282 Minor.
1260 1226 1317 1281 civ.
1341 1225 1506 1294 Pragensis,
1530 1225 1580 1294 qui
1604 1227 1677 1280 obiit
1700 1225 1749 1284 ier.
1773 1223 1800 1278 V

401 1311 431 1366 in
454 1311 555 1381 vigilia
579 1311 691 1368 nativit.
716 1327 740 1367 s.
764 1311 856 1368 Marie
880 1313 910 1368 in
934 1313 1050 1368 Plana«
1077 1312 1136 1382 (Cf.
1160 1309 1285 1367 Vistnilr
1309 1295 1341 1370 6,
1366 1311 1403 1366 Α,
1431 1309 1511 1365 1898
1535 1326 1563 1380 p.
1590 1312 1678 1382 590.)
1701 1311 1802 1367 Scriba

402 1397 491 1452 huius
514 1400 625 1455 codicis
656 1414 784 1468 german.
810 1405 837 1453 et
860 1400 1030 1454 bohemicae
1053 1398 1170 1470 linguae
1191 1413 1300 1470 gnarus
1323 1405 1393 1466 erat,
1416 1404 1450 1453 ut
1472 1398 1579 1451 docent
1601 1405 1690 1454 notae
1713 1399 1804 1454 rubri-

401 1492 484 1539 catae
507 1486 620 1555 passim
644 1490 841 1541 occurrentes,

504 1650 583 1733 669
845 1653 915 1728 IV.
943 1653 991 1727 D.
1019 1653 1081 1728 15.
1101 1668 1145 1734 (Υ.
1165 1668 1186 1720 1.
1206 1671 1230 1721 a
1250 1687 1275 1722 n.
1295 1672 1352 1733 91.)

400 1777 506 1838 chart.
530 1794 617 1838 saec.
633 1773 882 1854 XIV-Xfo.
897 1776 949 1849 95,
972 1777 1060 1837 29><
1072 1777 1112 1838 21
1132 1793 1195 1838 cua
1223 1776 1255 1838 d.
1280 1795 1321 1838 m.

533 1897 635 1972 (Galli
658 1898 793 1960 abbatis
817 1914 910 1959 mon.
933 1897 1044 1959 Aulae
1066 1896 1192 1975 Regiae
1201 1896 1228 1976 i)
1251 1897 1480 1976 Malogranati
1501 1915 1585 1976 pars
1607 1897 1661 1960 111.

508 2003 529 2062 l.
557 2006 589 2064 1³
616 2003 813 2081 »Postquam
845 2002 1037 2063 informatus
1069 2007 1163 2081 igitur
1193 2019 1267 2063 sum
1299 2021 1320 2063 a
1343 2010 1382 2076 te,
1407 2009 1506 2081 pater,
1531 2003 1572 2063 de
1596 2009 1683 2064 statu
1706 2003 1802 2082 profi·

400 2094 570 2160 ciencium,
595 2106 683 2151 nunc
707 2089 748 2149 de
772 2095 859 2150 statu
882 2089 1100 2167 perlectorum
1131 2095 1246 2151 instrui
1279 2089 1449 2151 desidero«
1476 2091 1509 2147 ><
1533 2090 1554 2150 f.
1586 2089 1646 2150 95²
1672 2095 1799 2152 »anima

400 2193 473 2236 mea
496 2193 536 2236 eo
560 2176 649 2255 quod
673 2181 829 2236 veraciter
851 2179 1005 2236 senciat«
1032 2167 1140 2254 (Opus
1163 2181 1275 2236 nescio
1299 2193 1341 2236 an
1365 2181 1550 2254 integrum.)

508 2283 660 2354 Operculis
683 2285 814 2355 adligata
836 2290 905 2338 sunt
927 2285 987 2339 duo
1011 2282 1060 2339 fol.
1084 2284 1204 2339 membr.
1228 2285 1383 2338 cuiusdam
1399 2283 1464 2338 libri
1480 2284 1609 2354 liturgici
1627 2299 1705 2340 saec.
1723 2282 1790 2338 XlV

399 2369 494 2425 Vetus
518 2373 594 2442 sign.
617 2370 644 2440 J,
668 2370 718 2426 40.

504 2537 585 2619 676
858 2538 926 2613 IV.
954 2541 1001 2614 D.
1041 2541 1097 2613 16.
1126 2553 1171 2618 (Y.
1189 2554 1211 2604 Ι.
1229 2556 1254 2606 a
1275 2570 1299 2604 n.
1320 2555 1374 2616 92.)

398 2661 506 2722 chart.
529 2678 616 2723 saec.
640 2659 709 2722 XV
727 2660 764 2742 ff.
788 2659 854 2723 248
876 2679 979 2736 num„
1002 2661 1152 2740 29><21
1176 2677 1238 2722 can.
1264 2661 1294 2723 d.
1318 2677 1362 2722 m.

505 2781 526 2843 f.
554 2778 696 2842 1-2331’
733 2782 867 2845 Nicolai
905 2784 947 2845 de
989 2782 1138 2847 Gorram
1174 2781 1358 2861 Expositio
1389 2783 1651 2860 evangeliorum
1683 2783 1801 2858 Marci,

398 2869 521 2943 Lucae,
544 2868 721 2930 Matthaei.
749 2868 926 2949 »Prologus
950 2887 1050 2948 super
1071 2870 1229 2932 Marcum.
1254 2870 1368 2931 Facies
1392 2870 1497 2932 leonis
1521 2888 1541 2932 a
1565 2871 1688 2932 dextris
1711 2875 1799 2949 ipso·

399 2974 488 3016 rum«
515 2955 555 3034 ><
584 2955 787 3034 »Expliciunt
817 2957 903 3018 dicta
933 2953 1037 3018 Gorre
1069 2975 1168 3035 super
1192 2959 1410 3034 ewangelium
1434 2955 1555 3018 llatlrei
1579 2975 1638 3037 per
1660 2974 1797 3018 manus«

398 3047 478 3111 (Alia
502 3062 590 3101 manu
602 3048 623 3117 z)
651 3041 853 3122 »Expliciunt
875 3045 1003 3123 pustille
1026 3041 1149 3105 Nicolai
1174 3045 1214 3103 de
1227 3044 1354 3105 Gorran
1372 3041 1472 3122 s'uper
1483 3045 1664 3122 ewangelio
1680 3041 1801 3105 llathei

398 3127 495 3207 Frage
520 3135 710 3207 reportate«

505 3215 526 3275 i.
551 3212 756 3276 233δ--247ι
778 3214 939 3278 Anselmi
962 3215 1225 3279 Cantuariensis
1248 3222 1324 3291 (seu
1340 3221 1448 3295 potius
1461 3215 1607 3280 Honorii
1629 3217 1801 3295 Augusto-

398 3301 582 3381 dunensis)
599 3302 812 3365 Lucidarius
848 3301 986 3380 »Sepius
1006 3305 1427 3382 rogatusacondiscipulis
1451 3309 1551 3365 meis«
1580 3308 1618 3380 ><
1645 3304 1802 3385 »Explicit

397 3391 475 3449 liber
500 3390 647 3450 Anselmi
671 3393 726 3468 qui
750 3389 941 3450 Lucidarius
965 3397 1130 3452 vocatur«

506 3475 526 3539 l.
551 3476 758 3537 2472-248·
788 3474 891 3537 Notae
924 3477 1126 3556 theologicae
1158 3483 1190 3538 et
1220 3493 1330 3537 sermo
1365 3494 1464 3555 super
1490 3476 1592 3539 »Cum
1618 3479 1710 3539 turba
1734 3479 1801 3557 plu·

398 3567 479 3623 rima
502 3569 593 3624 esset
615 3579 691 3623 cum
714 3563 822 3624 lesus

507 3669 660 3742 Operculis
684 3671 814 3741 adligata
836 3678 906 3727 sunt
921 3671 1084 3742 fragmenta
1099 3671 1231 3728 Psalterii
1246 3675 1406 3728 membran.
1419 3687 1498 3729 saec.
1515 3671 1593 3728 XIV.

500 3837 568 3918 671
848 3839 918 3915 IV.
945 3840 994 3914 D.
1022 3840 1083 3915 17.
1103 3855 1221 3922 (xla
1240 3857 1333 3918 aaa)

396 3961 504 4022 chart.
527 3977 614 4024 saec.
637 3958 724 4024 XIV
743 3965 844 4042 (part.
874 3979 907 4023 a.
931 3962 1029 4036 1385>
1041 3962 1090 4044 ff.
1113 3963 1188 4038 157,
1208 3963 1379 4025 29·5><2r
1404 3981 1468 4026 cm.
1490 3965 1513 4026 3
1535 3981 1579 4026 m.

504 4083 525 4145 i.
554 4081 674 4144 1-83b
697 4083 935 4147 Auctoritates
958 4090 1160 4148 sanctorum
1184 4086 1367 4148 doctorum
1390 4087 1631 4149 concordatae.
1645 4090 1800 4162 (Registro,

397 4177 443 4229 cui
451 4176 566 4230 initium
575 4176 665 4243 deest,
678 4175 816 4231 absoluto
825 4174 848 4248 z)
861 4172 1039 4250 »Incipiunt
1047 4171 1305 4236 eoncordancie
1314 4172 1532 4235 diversarum
1540 4173 1800 4238 sentenciamm

397 4258 617 4320 diversorum
639 4265 852 4320 auctorum«.
878 4263 920 4334 (l.
947 4259 987 4320 de
1010 4257 1087 4332 fide,
1111 4258 1140 4319 2.
1165 4260 1206 4320 de
1229 4267 1376 4338 peccam,
1399 4260 1429 4321 3.
1455 4262 1606 4331 devoto,
1629 4263 1660 4324 4.
1684 4263 1725 4322 de
1750 4279 1802 4323 sa·

397 4349 581 4418 eramentiS,
605 4343 636 4404 5.
660 4345 865 4408 devitandis
889 4347 1088 4414 mulieribus,
1112 4345 1142 4407 6.
1167 4347 1208 4407 de
1232 4352 1377 4426 potentia
1400 4354 1431 4408 et
1453 4353 1568 4409 virtute
1593 4348 1697 4414 dei..
1717 4350 1797 4412 ,ult

397 4450 466 4511 cap.
495 4431 608 4494 »Dicta
641 4430 749 4494 Sibille
784 4433 963 4512 quedam«)
989 4435 1020 4488 ><
1048 4440 1098 4494 »ct
1120 4438 1219 4494 vitam
1243 4433 1369 4495 confert
1391 4441 1546 4496 eternam.
1577 4435 1715 4514 Explicit
1737 4437 1800 4498 hoe

397 4526 530 4581 totum«

506 4606 526 4668 f.
551 4606 729 4667 ete-155·
751 4609 910 4681 (anepigr.)
943 4605 1037 4670 Petri
1070 4605 1305 4670 Pictaviensis
1335 4607 1492 4670 Historia
1515 4607 1647 4672 biblica
1674 4609 1800 4671 »Adam

397 4698 493 4754 unico
514 4693 600 4754 iacto
616 4711 678 4755 suo
699 4695 799 4755 multa
811 4703 947 4772 peccata
970 4698 1152 4756 commisit«
1179 4697 1211 4752 ><
1239 4696 1321 4754 »sub
1334 4696 1608 4774 eodemprincipe
1628 4703 1680 4758 est
1702 4701 1802 4758 cruci-

396 4779 495 4841 fixus
512 4782 628 4842 Amen.
646 4782 684 4841 A.
703 4781 733 4841 d.
753 4779 835 4841 1385
853 4779 964 4841 finitus
981 4785 1032 4841 est
1047 4783 1126 4842 liber
1142 4786 1203 4843 iste
1220 4781 1275 4842 ier.
1293 4781 1328 4842 ll.
1346 4789 1424 4862 post
1442 4783 1640 4846 dominicam
1658 4783 1799 4846 letare«

505 4884 526 4948 l.
555 4879 752 4948 155a-157a
768 4883 1016 4946 calendarium
1031 4883 1167 4964 (literae
1186 4887 1410 4960 dominicales,
1424 4885 1632 4961 Indictiones,
1647 4887 1800 4966 Epactae.

396 4971 652 5038 Concurrentes)
674 4989 755 5034 ann.
782 4969 993 5033 1269-1391
1019 4971 1215 5049 praemissa
1227 4971 1451 5035 institutione
1463 4974 1506 5035 ad
1518 4991 1623 5037 usum
1635 4974 1803 5038 eiusdem.

394 5059 444 5134 (ln
468 5059 533 5120 line
557 5059 680 5138 aliquot
704 5058 780 5120 lolia
803 5064 915 5121 excisa
939 5062 1040 5132 sunt.)

1073 5281 1124 5332 268
