<?xml version="1.0" encoding="UTF-8"?>
<!DOCTYPE html PUBLIC "-//W3C//DTD XHTML 1.0 Transitional//EN"
    "http://www.w3.org/TR/xhtml1/DTD/xhtml1-transitional.dtd">
<html xmlns="http://www.w3.org/1999/xhtml" xml:lang="en" lang="en">
 <head>
  <title>
</title>
<meta http-equiv="Content-Type" content="text/html;charset=utf-8" />
  <meta name='ocr-system' content='tesseract 3.04.00' />
  <meta name='ocr-capabilities' content='ocr_page ocr_carea ocr_par ocr_line ocrx_word'/>
</head>
<body>
  <div class='ocr_page' id='page_1' title='image "./cataloguscodicu02truhgoog_0629.png"; bbox 0 0 4066 5956; ppageno 0'>
   <div class='ocr_carea' id='block_1_1' title="bbox 1025 545 1105 609">
    <p class='ocr_par' dir='ltr' id='par_1_1' title="bbox 1025 545 1105 609">
     <span class='ocr_line' id='line_1_1' title="bbox 1025 545 1105 609; baseline 0 -2"><span class='ocrx_word' id='word_1_1' title='bbox 1025 545 1105 609; x_wconf 86' lang='lat'>1570</span> 
     </span>
    </p>
   </div>
   <div class='ocr_carea' id='block_1_2' title="bbox 363 752 1762 1095">
    <p class='ocr_par' dir='ltr' id='par_1_2' title="bbox 363 752 1762 1095">
     <span class='ocr_line' id='line_1_2' title="bbox 472 752 1761 832; baseline -0.002 -16"><span class='ocrx_word' id='word_1_2' title='bbox 472 754 491 816; x_wconf 88' lang='lat' dir='ltr'>l.</span> <span class='ocrx_word' id='word_1_3' title='bbox 519 754 720 819; x_wconf 63' lang='lat' dir='ltr'>1652—203b</span> <span class='ocrx_word' id='word_1_4' title='bbox 743 759 902 831; x_wconf 85' lang='lat' dir='ltr'>(anepigr.)</span> <span class='ocrx_word' id='word_1_5' title='bbox 924 754 1089 816; x_wconf 88' lang='lat' dir='ltr'>Eiusdem</span> <span class='ocrx_word' id='word_1_6' title='bbox 1105 753 1388 816; x_wconf 79' lang='lat' dir='ltr'>Commentarius</span> <span class='ocrx_word' id='word_1_7' title='bbox 1404 752 1439 814; x_wconf 94' lang='lat' dir='ltr'>in</span> <span class='ocrx_word' id='word_1_8' title='bbox 1454 752 1488 815; x_wconf 88' lang='lat' dir='ltr'>X</span> <span class='ocrx_word' id='word_1_9' title='bbox 1502 753 1612 814; x_wconf 90' lang='lat' dir='ltr'>libros</span> <span class='ocrx_word' id='word_1_10' title='bbox 1627 753 1761 832; x_wconf 84' lang='lat' dir='ltr'>priores</span> 
     </span>
     <span class='ocr_line' id='line_1_3' title="bbox 363 840 1762 920; baseline -0.002 -17"><span class='ocrx_word' id='word_1_11' title='bbox 363 842 724 906; x_wconf 88' lang='lat' dir='ltr'>Praedicamentorum</span> <span class='ocrx_word' id='word_1_12' title='bbox 746 842 958 904; x_wconf 83' lang='lat' dir='ltr'>Aristotelis.</span> <span class='ocrx_word' id='word_1_13' title='bbox 985 841 1167 920; x_wconf 81' lang='lat' dir='ltr'><strong>»Quoniam</strong></span> <span class='ocrx_word' id='word_1_14' title='bbox 1191 847 1300 901; x_wconf 90' lang='lat' dir='ltr'>autem</span> <span class='ocrx_word' id='word_1_15' title='bbox 1318 840 1501 901; x_wconf 90' lang='lat' dir='ltr'>secundum</span> <span class='ocrx_word' id='word_1_16' title='bbox 1518 842 1762 902; x_wconf 87' lang='lat' dir='ltr'>ordinacionem</span> 
     </span>
     <span class='ocr_line' id='line_1_4' title="bbox 366 926 1761 991; baseline -0.001 -1"><span class='ocrx_word' id='word_1_17' title='bbox 366 930 606 991; x_wconf 83' lang='lat' dir='ltr'>subiectorum«</span> <span class='ocrx_word' id='word_1_18' title='bbox 633 933 666 987; x_wconf 93' lang='lat'>&gt;&lt;</span> <span class='ocrx_word' id='word_1_19' title='bbox 691 930 751 991; x_wconf 82' lang='lat' dir='ltr'>»Et</span> <span class='ocrx_word' id='word_1_20' title='bbox 783 934 815 990; x_wconf 96' lang='lat' dir='ltr'>in</span> <span class='ocrx_word' id='word_1_21' title='bbox 850 930 913 990; x_wconf 92' lang='lat' dir='ltr'>hoc</span> <span class='ocrx_word' id='word_1_22' title='bbox 947 933 1135 990; x_wconf 89' lang='lat' dir='ltr'>terminatur</span> <span class='ocrx_word' id='word_1_23' title='bbox 1165 931 1320 988; x_wconf 84' lang='lat' dir='ltr'>tractatus</span> <span class='ocrx_word' id='word_1_24' title='bbox 1355 926 1396 986; x_wconf 92' lang='lat' dir='ltr'>de</span> <span class='ocrx_word' id='word_1_25' title='bbox 1419 927 1531 988; x_wconf 92' lang='lat' dir='ltr'>habitu</span> <span class='ocrx_word' id='word_1_26' title='bbox 1554 933 1586 987; x_wconf 92' lang='lat' dir='ltr'>et</span> <span class='ocrx_word' id='word_1_27' title='bbox 1608 928 1761 988; x_wconf 89' lang='lat' dir='ltr'>denarius</span> 
     </span>
     <span class='ocr_line' id='line_1_5' title="bbox 366 1016 1359 1095; baseline -0.003 -19"><span class='ocrx_word' id='word_1_28' title='bbox 366 1016 519 1077; x_wconf 90' lang='lat' dir='ltr'>librorum</span> <span class='ocrx_word' id='word_1_29' title='bbox 542 1016 572 1076; x_wconf 96' lang='lat' dir='ltr'>X</span> <span class='ocrx_word' id='word_1_30' title='bbox 595 1017 909 1095; x_wconf 89' lang='lat' dir='ltr'>predicamentorum</span> <span class='ocrx_word' id='word_1_31' title='bbox 933 1017 985 1075; x_wconf 92' lang='lat' dir='ltr'>vel</span> <span class='ocrx_word' id='word_1_32' title='bbox 1008 1019 1150 1092; x_wconf 85' lang='lat' dir='ltr'>priorum</span> <span class='ocrx_word' id='word_1_33' title='bbox 1173 1030 1359 1092; x_wconf 84' lang='lat' dir='ltr'>generum«</span> 
     </span>
    </p>
   </div>
   <div class='ocr_carea' id='block_1_3' title="bbox 366 1115 1764 1458">
    <p class='ocr_par' dir='ltr' id='par_1_3' title="bbox 366 1115 1764 1458">
     <span class='ocr_line' id='line_1_6' title="bbox 472 1115 1762 1203; baseline -0.002 -23"><span class='ocrx_word' id='word_1_34' title='bbox 472 1119 494 1181; x_wconf 90' lang='grc'>1.</span> <span class='ocrx_word' id='word_1_35' title='bbox 518 1117 751 1203; x_wconf 57' lang='grc' dir='ltr'>203111-271ε</span> <span class='ocrx_word' id='word_1_36' title='bbox 776 1117 941 1180; x_wconf 87' lang='lat' dir='ltr'>Eiusdem</span> <span class='ocrx_word' id='word_1_37' title='bbox 962 1117 1188 1194; x_wconf 83' lang='lat' dir='ltr'><strong>Philosophia</strong></span> <span class='ocrx_word' id='word_1_38' title='bbox 1217 1115 1396 1177; x_wconf 85' lang='lat' dir='ltr'>naturalis.</span> <span class='ocrx_word' id='word_1_39' title='bbox 1438 1115 1620 1194; x_wconf 80' lang='lat' dir='ltr'><strong>»Quoniam</strong></span> <span class='ocrx_word' id='word_1_40' title='bbox 1651 1124 1762 1180; x_wconf 89' lang='lat' dir='ltr'>autern</span> 
     </span>
     <span class='ocr_line' id='line_1_7' title="bbox 368 1202 1764 1284; baseline -0.001 -18"><span class='ocrx_word' id='word_1_41' title='bbox 368 1207 491 1266; x_wconf 91' lang='lat' dir='ltr'>sciendi</span> <span class='ocrx_word' id='word_1_42' title='bbox 515 1213 546 1266; x_wconf 90' lang='lat' dir='ltr'>et</span> <span class='ocrx_word' id='word_1_43' title='bbox 568 1207 764 1284; x_wconf 88' lang='lat' dir='ltr'>intelligendi</span> <span class='ocrx_word' id='word_1_44' title='bbox 786 1206 930 1267; x_wconf 88' lang='lat' dir='ltr'>naturale</span> <span class='ocrx_word' id='word_1_45' title='bbox 954 1205 1171 1265; x_wconf 82' lang='lat' dir='ltr'>desiderium«</span> <span class='ocrx_word' id='word_1_46' title='bbox 1198 1204 1232 1260; x_wconf 91' lang='grc'>&gt;&lt;</span> <span class='ocrx_word' id='word_1_47' title='bbox 1257 1202 1317 1263; x_wconf 82' lang='lat' dir='ltr'>»Et</span> <span class='ocrx_word' id='word_1_48' title='bbox 1338 1207 1371 1262; x_wconf 95' lang='lat' dir='ltr'>in</span> <span class='ocrx_word' id='word_1_49' title='bbox 1394 1203 1457 1263; x_wconf 93' lang='lat' dir='ltr'>hoc</span> <span class='ocrx_word' id='word_1_50' title='bbox 1481 1207 1669 1264; x_wconf 88' lang='lat' dir='ltr'>terminatur</span> <span class='ocrx_word' id='word_1_51' title='bbox 1684 1205 1764 1265; x_wconf 91' lang='lat' dir='ltr'>liber</span> 
     </span>
     <span class='ocr_line' id='line_1_8' title="bbox 368 1287 1761 1371; baseline -0.001 -19"><span class='ocrx_word' id='word_1_52' title='bbox 368 1292 572 1371; x_wconf 87' lang='lat' dir='ltr'>philosophie</span> <span class='ocrx_word' id='word_1_53' title='bbox 595 1295 750 1355; x_wconf 87' lang='lat' dir='ltr'>naturalis</span> <span class='ocrx_word' id='word_1_54' title='bbox 773 1310 873 1353; x_wconf 88' lang='lat' dir='ltr'>rever.</span> <span class='ocrx_word' id='word_1_55' title='bbox 908 1308 994 1368; x_wconf 87' lang='lat' dir='ltr'>mag.</span> <span class='ocrx_word' id='word_1_56' title='bbox 1029 1297 1062 1352; x_wconf 91' lang='lat' dir='ltr'>et</span> <span class='ocrx_word' id='word_1_57' title='bbox 1094 1292 1238 1351; x_wconf 90' lang='lat' dir='ltr'>doctoris</span> <span class='ocrx_word' id='word_1_58' title='bbox 1269 1288 1306 1350; x_wconf 86' lang='lat' dir='ltr'>lr.</span> <span class='ocrx_word' id='word_1_59' title='bbox 1339 1287 1463 1349; x_wconf 90' lang='lat' dir='ltr'>Nicolai</span> <span class='ocrx_word' id='word_1_60' title='bbox 1494 1287 1608 1350; x_wconf 92' lang='lat' dir='ltr'>Boneti</span> <span class='ocrx_word' id='word_1_61' title='bbox 1631 1291 1700 1351; x_wconf 92' lang='lat' dir='ltr'>ord.</span> <span class='ocrx_word' id='word_1_62' title='bbox 1725 1291 1761 1351; x_wconf 86' lang='lat' dir='ltr'>ir.</span> 
     </span>
     <span class='ocr_line' id='line_1_9' title="bbox 366 1374 1760 1458; baseline -0.001 -19"><span class='ocrx_word' id='word_1_63' title='bbox 366 1383 443 1440; x_wconf 92' lang='lat' dir='ltr'>min.</span> <span class='ocrx_word' id='word_1_64' title='bbox 468 1380 509 1440; x_wconf 89' lang='lat' dir='ltr'>de</span> <span class='ocrx_word' id='word_1_65' title='bbox 532 1384 699 1458; x_wconf 90' lang='lat' dir='ltr'>provincia</span> <span class='ocrx_word' id='word_1_66' title='bbox 720 1379 863 1441; x_wconf 91' lang='lat' dir='ltr'>Turonie</span> <span class='ocrx_word' id='word_1_67' title='bbox 886 1379 1069 1456; x_wconf 88' lang='lat' dir='ltr'>completus</span> <span class='ocrx_word' id='word_1_68' title='bbox 1092 1395 1120 1438; x_wconf 90' lang='lat' dir='ltr'>a.</span> <span class='ocrx_word' id='word_1_69' title='bbox 1146 1377 1177 1438; x_wconf 91' lang='lat' dir='ltr'>d.</span> <span class='ocrx_word' id='word_1_70' title='bbox 1203 1374 1285 1437; x_wconf 83' lang='lat'><strong>1423</strong></span> <span class='ocrx_word' id='word_1_71' title='bbox 1309 1376 1360 1435; x_wconf 89' lang='lat' dir='ltr'>die</span> <span class='ocrx_word' id='word_1_72' title='bbox 1384 1375 1421 1436; x_wconf 87' lang='lat'>21</span> <span class='ocrx_word' id='word_1_73' title='bbox 1449 1375 1534 1436; x_wconf 91' lang='lat' dir='ltr'>Junii</span> <span class='ocrx_word' id='word_1_74' title='bbox 1549 1375 1760 1454; x_wconf 86' lang='lat' dir='ltr'>Erphordie.‹</span> 
     </span>
    </p>
   </div>
   <div class='ocr_carea' id='block_1_4' title="bbox 369 1477 1763 1648">
    <p class='ocr_par' dir='ltr' id='par_1_4' title="bbox 369 1477 1763 1648">
     <span class='ocr_line' id='line_1_10' title="bbox 473 1477 1763 1561; baseline 0 -19"><span class='ocrx_word' id='word_1_75' title='bbox 473 1481 493 1544; x_wconf 93' lang='grc'>1.</span> <span class='ocrx_word' id='word_1_76' title='bbox 518 1480 724 1544; x_wconf 61' lang='grc' dir='ltr'>2711)-273α</span> <span class='ocrx_word' id='word_1_77' title='bbox 747 1483 978 1561; x_wconf 82' lang='lat' dir='ltr'>Fragmentum</span> <span class='ocrx_word' id='word_1_78' title='bbox 1001 1481 1170 1561; x_wconf 85' lang='lat' dir='ltr'>quoddam</span> <span class='ocrx_word' id='word_1_79' title='bbox 1194 1483 1369 1558; x_wconf 87' lang='lat' dir='ltr'>incipiens:</span> <span class='ocrx_word' id='word_1_80' title='bbox 1419 1477 1472 1540; x_wconf 83' lang='lat' dir='ltr'>»ln</span> <span class='ocrx_word' id='word_1_81' title='bbox 1503 1485 1661 1541; x_wconf 90' lang='lat' dir='ltr'>creaturis</span> <span class='ocrx_word' id='word_1_82' title='bbox 1686 1487 1763 1542; x_wconf 89' lang='lat' dir='ltr'>sunt</span> 
     </span>
     <span class='ocr_line' id='line_1_11' title="bbox 369 1570 864 1648; baseline 0 -19"><span class='ocrx_word' id='word_1_83' title='bbox 369 1574 510 1646; x_wconf 89' lang='lat' dir='ltr'>quatuor</span> <span class='ocrx_word' id='word_1_84' title='bbox 531 1574 626 1648; x_wconf 88' lang='lat' dir='ltr'>signa</span> <span class='ocrx_word' id='word_1_85' title='bbox 649 1570 864 1648; x_wconf 81' lang='lat' dir='ltr'>principalia«</span> 
     </span>
    </p>
   </div>
   <div class='ocr_carea' id='block_1_5' title="bbox 368 1669 1762 1835">
    <p class='ocr_par' dir='ltr' id='par_1_5' title="bbox 368 1669 1762 1835">
     <span class='ocr_line' id='line_1_12' title="bbox 472 1669 1762 1749; baseline -0.003 -15"><span class='ocrx_word' id='word_1_86' title='bbox 472 1673 492 1734; x_wconf 85' lang='lat' dir='ltr'>f.</span> <span class='ocrx_word' id='word_1_87' title='bbox 517 1672 581 1733; x_wconf 76' lang='lat'>274</span> <span class='ocrx_word' id='word_1_88' title='bbox 603 1676 761 1748; x_wconf 87' lang='lat' dir='ltr'>(anepigr.)</span> <span class='ocrx_word' id='word_1_89' title='bbox 783 1671 934 1735; x_wconf 87' lang='lat' dir='ltr'>Carmen</span> <span class='ocrx_word' id='word_1_90' title='bbox 957 1671 1115 1734; x_wconf 92' lang='lat' dir='ltr'>iocosum</span> <span class='ocrx_word' id='word_1_91' title='bbox 1145 1671 1187 1731; x_wconf 90' lang='lat' dir='ltr'>de</span> <span class='ocrx_word' id='word_1_92' title='bbox 1209 1669 1354 1731; x_wconf 88' lang='lat' dir='ltr'>Platone</span> <span class='ocrx_word' id='word_1_93' title='bbox 1378 1676 1413 1731; x_wconf 93' lang='lat' dir='ltr'>et</span> <span class='ocrx_word' id='word_1_94' title='bbox 1437 1670 1575 1733; x_wconf 85' lang='lat' dir='ltr'>»Sorte«</span> <span class='ocrx_word' id='word_1_95' title='bbox 1601 1675 1663 1742; x_wconf 87' lang='lat' dir='ltr'>(sic</span> <span class='ocrx_word' id='word_1_96' title='bbox 1688 1689 1762 1749; x_wconf 87' lang='lat' dir='ltr'>pro:</span> 
     </span>
     <span class='ocr_line' id='line_1_13' title="bbox 368 1757 1446 1835; baseline -0.002 -17"><span class='ocrx_word' id='word_1_97' title='bbox 368 1763 489 1832; x_wconf 89' lang='lat' dir='ltr'>sorite).</span> <span class='ocrx_word' id='word_1_98' title='bbox 516 1757 647 1821; x_wconf 80' lang='lat' dir='ltr'>»Sortes</span> <span class='ocrx_word' id='word_1_99' title='bbox 671 1765 702 1821; x_wconf 92' lang='lat' dir='ltr'>in</span> <span class='ocrx_word' id='word_1_100' title='bbox 727 1760 955 1822; x_wconf 81' lang='lat' dir='ltr'>consortibus«</span> <span class='ocrx_word' id='word_1_101' title='bbox 983 1761 1015 1816; x_wconf 90' lang='lat'>&gt;&lt;</span> <span class='ocrx_word' id='word_1_102' title='bbox 1041 1761 1092 1818; x_wconf 85' lang='lat' dir='ltr'>»in</span> <span class='ocrx_word' id='word_1_103' title='bbox 1115 1774 1195 1835; x_wconf 93' lang='lat' dir='ltr'>pace</span> <span class='ocrx_word' id='word_1_104' title='bbox 1219 1761 1285 1819; x_wconf 91' lang='lat' dir='ltr'>sint</span> <span class='ocrx_word' id='word_1_105' title='bbox 1307 1760 1446 1818; x_wconf 80' lang='lat' dir='ltr'>omnia«</span> 
     </span>
    </p>
   </div>
   <div class='ocr_carea' id='block_1_6' title="bbox 365 1881 1766 2128">
    <p class='ocr_par' dir='ltr' id='par_1_6' title="bbox 365 1881 1766 2128">
     <span class='ocr_line' id='line_1_14' title="bbox 472 1881 1759 1957; baseline -0.002 -19"><span class='ocrx_word' id='word_1_106' title='bbox 472 1883 616 1955; x_wconf 91' lang='lat' dir='ltr'>Operculo</span> <span class='ocrx_word' id='word_1_107' title='bbox 651 1900 747 1957; x_wconf 89' lang='lat' dir='ltr'>super.</span> <span class='ocrx_word' id='word_1_108' title='bbox 783 1885 944 1953; x_wconf 87' lang='lat' dir='ltr'>adligatum</span> <span class='ocrx_word' id='word_1_109' title='bbox 973 1889 1018 1938; x_wconf 92' lang='lat' dir='ltr'>est</span> <span class='ocrx_word' id='word_1_110' title='bbox 1047 1881 1240 1952; x_wconf 84' lang='lat' dir='ltr'>fragmentum</span> <span class='ocrx_word' id='word_1_111' title='bbox 1271 1883 1391 1938; x_wconf 88' lang='lat' dir='ltr'>membr.</span> <span class='ocrx_word' id='word_1_112' title='bbox 1422 1881 1535 1936; x_wconf 87' lang='lat' dir='ltr'>codicis</span> <span class='ocrx_word' id='word_1_113' title='bbox 1565 1881 1704 1950; x_wconf 85' lang='lat' dir='ltr'>hebraici,</span> <span class='ocrx_word' id='word_1_114' title='bbox 1727 1881 1759 1936; x_wconf 96' lang='lat' dir='ltr'>in</span> 
     </span>
     <span class='ocr_line' id='line_1_15' title="bbox 365 1966 1766 2038; baseline -0.001 -13"><span class='ocrx_word' id='word_1_115' title='bbox 365 1969 449 2026; x_wconf 90' lang='lat' dir='ltr'>cuius</span> <span class='ocrx_word' id='word_1_116' title='bbox 473 1969 564 2025; x_wconf 89' lang='lat' dir='ltr'>lronte</span> <span class='ocrx_word' id='word_1_117' title='bbox 589 1979 730 2026; x_wconf 89' lang='lat' dir='ltr'>annotata</span> <span class='ocrx_word' id='word_1_118' title='bbox 753 1977 822 2025; x_wconf 91' lang='lat' dir='ltr'>sunt</span> <span class='ocrx_word' id='word_1_119' title='bbox 845 1976 983 2025; x_wconf 91' lang='lat' dir='ltr'>contenta</span> <span class='ocrx_word' id='word_1_120' title='bbox 1004 1970 1089 2025; x_wconf 92' lang='lat' dir='ltr'>libro.</span> <span class='ocrx_word' id='word_1_121' title='bbox 1116 1968 1185 2023; x_wconf 88' lang='lat' dir='ltr'>Item</span> <span class='ocrx_word' id='word_1_122' title='bbox 1207 1971 1238 2024; x_wconf 93' lang='lat' dir='ltr'>in</span> <span class='ocrx_word' id='word_1_123' title='bbox 1259 1967 1401 2038; x_wconf 85' lang='lat' dir='ltr'>¹operculo</span> <span class='ocrx_word' id='word_1_124' title='bbox 1417 1973 1505 2024; x_wconf 91' lang='lat' dir='ltr'>nota:</span> <span class='ocrx_word' id='word_1_125' title='bbox 1532 1966 1672 2023; x_wconf 83' lang='lat' dir='ltr'>»Materia</span> <span class='ocrx_word' id='word_1_126' title='bbox 1689 1967 1766 2023; x_wconf 91' lang='lat' dir='ltr'>Sco-</span> 
     </span>
     <span class='ocr_line' id='line_1_16' title="bbox 365 2059 641 2128; baseline -0.018 -17"><span class='ocrx_word' id='word_1_127' title='bbox 365 2059 423 2112; x_wconf 91' lang='lat' dir='ltr'>tica</span> <span class='ocrx_word' id='word_1_128' title='bbox 445 2071 496 2128; x_wconf 89' lang='lat' dir='ltr'>per</span> <span class='ocrx_word' id='word_1_129' title='bbox 517 2063 641 2114; x_wconf 80' lang='lat' dir='ltr'>totum«</span> 
     </span>
    </p>
   </div>
   <div class='ocr_carea' id='block_1_7' title="bbox 469 2222 1349 2304">
    <p class='ocr_par' dir='ltr' id='par_1_7' title="bbox 469 2222 1349 2304">
     <span class='ocr_line' id='line_1_17' title="bbox 469 2222 1349 2304; baseline -0.015 -3"><span class='ocrx_word' id='word_1_130' title='bbox 469 2222 563 2304; x_wconf 82' lang='grc'><strong>1570</strong></span> <span class='ocrx_word' id='word_1_131' title='bbox 809 2222 912 2299; x_wconf 89' lang='lat' dir='ltr'><em>VIII.</em></span> <span class='ocrx_word' id='word_1_132' title='bbox 941 2222 981 2298; x_wconf 87' lang='lat' dir='ltr'>F.</span> <span class='ocrx_word' id='word_1_133' title='bbox 1009 2222 1071 2297; x_wconf 76' lang='lat'>16.</span> <span class='ocrx_word' id='word_1_134' title='bbox 1100 2237 1145 2301; x_wconf 82' lang='lat' dir='ltr'>(Y.</span> <span class='ocrx_word' id='word_1_135' title='bbox 1164 2237 1185 2288; x_wconf 91' lang='lat'>1.</span> <span class='ocrx_word' id='word_1_136' title='bbox 1206 2239 1230 2287; x_wconf 81' lang='lat' dir='ltr'>r.</span> <span class='ocrx_word' id='word_1_137' title='bbox 1249 2251 1275 2288; x_wconf 81' lang='lat' dir='ltr'>n.</span> <span class='ocrx_word' id='word_1_138' title='bbox 1294 2239 1349 2301; x_wconf 78' lang='lat' dir='ltr'>rr.)</span> 
     </span>
    </p>
   </div>
   <div class='ocr_carea' id='block_1_8' title="bbox 367 2361 1764 2458">
    <p class='ocr_par' dir='ltr' id='par_1_8' title="bbox 367 2361 1764 2458">
     <span class='ocr_line' id='line_1_18' title="bbox 367 2361 1764 2458; baseline 0 -32"><span class='ocrx_word' id='word_1_139' title='bbox 367 2365 474 2426; x_wconf 82' lang='lat' dir='ltr'>chart.</span> <span class='ocrx_word' id='word_1_140' title='bbox 497 2381 585 2426; x_wconf 84' lang='lat' dir='ltr'>saec.</span> <span class='ocrx_word' id='word_1_141' title='bbox 608 2362 677 2424; x_wconf 92' lang='lat' dir='ltr'>XV</span> <span class='ocrx_word' id='word_1_142' title='bbox 697 2361 794 2445; x_wconf 80' lang='lat' dir='ltr'>(pars</span> <span class='ocrx_word' id='word_1_143' title='bbox 816 2383 848 2425; x_wconf 86' lang='lat' dir='ltr'>a.</span> <span class='ocrx_word' id='word_1_144' title='bbox 872 2363 970 2442; x_wconf 79' lang='lat'><em>1433)</em></span> <span class='ocrx_word' id='word_1_145' title='bbox 993 2361 1043 2442; x_wconf 84' lang='lat' dir='ltr'>ff.</span> <span class='ocrx_word' id='word_1_146' title='bbox 1066 2362 1142 2438; x_wconf 83' lang='lat'>207,</span> <span class='ocrx_word' id='word_1_147' title='bbox 1163 2361 1206 2423; x_wconf 89' lang='lat'>22</span> <span class='ocrx_word' id='word_1_148' title='bbox 1220 2362 1259 2441; x_wconf 89' lang='lat'>&gt;&lt;</span> <span class='ocrx_word' id='word_1_149' title='bbox 1272 2361 1315 2424; x_wconf 83' lang='lat'>14</span> <span class='ocrx_word' id='word_1_150' title='bbox 1331 2380 1392 2458; x_wconf 80' lang='lat' dir='ltr'>cm.</span> <span class='ocrx_word' id='word_1_151' title='bbox 1408 2362 1430 2424; x_wconf 84' lang='lat'>2</span> <span class='ocrx_word' id='word_1_152' title='bbox 1445 2381 1490 2424; x_wconf 87' lang='lat' dir='ltr'>m.</span> <span class='ocrx_word' id='word_1_153' title='bbox 1507 2381 1585 2425; x_wconf 85' lang='lat' dir='ltr'>cum</span> <span class='ocrx_word' id='word_1_154' title='bbox 1597 2362 1667 2422; x_wconf 83' lang='lat' dir='ltr'>init.</span> <span class='ocrx_word' id='word_1_155' title='bbox 1686 2362 1764 2441; x_wconf 79' lang='lat' dir='ltr'>pict.</span> 
     </span>
    </p>
   </div>
   <div class='ocr_carea' id='block_1_9' title="bbox 365 2481 1766 3000">
    <p class='ocr_par' dir='ltr' id='par_1_9' title="bbox 365 2481 1766 3000">
     <span class='ocr_line' id='line_1_19' title="bbox 471 2481 1766 2562; baseline -0.002 -17"><span class='ocrx_word' id='word_1_156' title='bbox 471 2485 491 2546; x_wconf 88' lang='lat' dir='ltr'>l.</span> <span class='ocrx_word' id='word_1_157' title='bbox 520 2483 657 2547; x_wconf 59' lang='lat'>12—4311’</span> <span class='ocrx_word' id='word_1_158' title='bbox 679 2490 837 2560; x_wconf 84' lang='lat' dir='ltr'>(anepigr.)</span> <span class='ocrx_word' id='word_1_159' title='bbox 853 2484 1055 2548; x_wconf 89' lang='lat' dir='ltr'>Summulae</span> <span class='ocrx_word' id='word_1_160' title='bbox 1071 2484 1114 2545; x_wconf 91' lang='lat' dir='ltr'>de</span> <span class='ocrx_word' id='word_1_161' title='bbox 1130 2483 1441 2560; x_wconf 89' lang='lat' dir='ltr'>propositionibus.</span> <span class='ocrx_word' id='word_1_162' title='bbox 1462 2481 1658 2546; x_wconf 85' lang='lat' dir='ltr'>»Sciendum</span> <span class='ocrx_word' id='word_1_163' title='bbox 1675 2482 1766 2562; x_wconf 90' lang='lat' dir='ltr'>quod</span> 
     </span>
     <span class='ocr_line' id='line_1_20' title="bbox 366 2567 1765 2652; baseline -0.002 -20"><span class='ocrx_word' id='word_1_164' title='bbox 366 2577 551 2651; x_wconf 91' lang='lat' dir='ltr'>proposicio</span> <span class='ocrx_word' id='word_1_165' title='bbox 573 2578 778 2652; x_wconf 80' lang='lat' dir='ltr'>yppotetica«</span> <span class='ocrx_word' id='word_1_166' title='bbox 804 2575 837 2628; x_wconf 92' lang='lat'>&gt;&lt;</span> <span class='ocrx_word' id='word_1_167' title='bbox 860 2571 881 2632; x_wconf 89' lang='lat' dir='ltr'>l.</span> <span class='ocrx_word' id='word_1_168' title='bbox 905 2567 964 2631; x_wconf 73' lang='lat'>60¹&gt;</span> <span class='ocrx_word' id='word_1_169' title='bbox 990 2569 1076 2631; x_wconf 88' lang='lat' dir='ltr'>»Sed</span> <span class='ocrx_word' id='word_1_170' title='bbox 1100 2587 1159 2648; x_wconf 91' lang='lat' dir='ltr'>pro</span> <span class='ocrx_word' id='word_1_171' title='bbox 1182 2573 1295 2630; x_wconf 91' lang='lat' dir='ltr'>ultima</span> <span class='ocrx_word' id='word_1_172' title='bbox 1318 2571 1529 2632; x_wconf 91' lang='lat' dir='ltr'>conclusione</span> <span class='ocrx_word' id='word_1_173' title='bbox 1541 2572 1658 2631; x_wconf 88' lang='lat' dir='ltr'>harum</span> <span class='ocrx_word' id='word_1_174' title='bbox 1676 2586 1765 2630; x_wconf 88' lang='lat' dir='ltr'>sum-</span> 
     </span>
     <span class='ocr_line' id='line_1_21' title="bbox 367 2655 1765 2734; baseline -0.001 -16"><span class='ocrx_word' id='word_1_175' title='bbox 367 2661 545 2719; x_wconf 86' lang='lat' dir='ltr'>mularum‹</span> <span class='ocrx_word' id='word_1_176' title='bbox 573 2707 580 2720; x_wconf 98' lang='lat'>.</span> <span class='ocrx_word' id='word_1_177' title='bbox 606 2707 613 2720; x_wconf 96' lang='lat'>.</span> <span class='ocrx_word' id='word_1_178' title='bbox 639 2709 645 2722; x_wconf 88' lang='lat'>.</span> <span class='ocrx_word' id='word_1_179' title='bbox 670 2659 691 2720; x_wconf 87' lang='grc'>1.</span> <span class='ocrx_word' id='word_1_180' title='bbox 715 2655 774 2720; x_wconf 72' lang='lat'>61¹&gt;</span> <span class='ocrx_word' id='word_1_181' title='bbox 801 2659 982 2718; x_wconf 84' lang='lat' dir='ltr'>»deducere</span> <span class='ocrx_word' id='word_1_182' title='bbox 1006 2673 1081 2717; x_wconf 91' lang='lat' dir='ltr'>cum</span> <span class='ocrx_word' id='word_1_183' title='bbox 1105 2656 1252 2734; x_wconf 88' lang='lat' dir='ltr'>proiectu</span> <span class='ocrx_word' id='word_1_184' title='bbox 1276 2703 1282 2718; x_wconf 93' lang='lat'>.</span> <span class='ocrx_word' id='word_1_185' title='bbox 1308 2704 1314 2717; x_wconf 94' lang='lat'>.</span> <span class='ocrx_word' id='word_1_186' title='bbox 1340 2703 1347 2718; x_wconf 98' lang='lat'>.</span> <span class='ocrx_word' id='word_1_187' title='bbox 1371 2656 1443 2718; x_wconf 89' lang='lat' dir='ltr'>Bud</span> <span class='ocrx_word' id='word_1_188' title='bbox 1466 2657 1556 2718; x_wconf 93' lang='lat' dir='ltr'>bohu</span> <span class='ocrx_word' id='word_1_189' title='bbox 1579 2658 1708 2718; x_wconf 86' lang='lat' dir='ltr'>chwala</span> <span class='ocrx_word' id='word_1_190' title='bbox 1722 2673 1765 2734; x_wconf 89' lang='lat' dir='ltr'>po</span> 
     </span>
     <span class='ocr_line' id='line_1_22' title="bbox 365 2741 1765 2827; baseline -0.003 -21"><span class='ocrx_word' id='word_1_191' title='bbox 365 2747 566 2827; x_wconf 83' lang='lat' dir='ltr'>wssyeczlty</span> <span class='ocrx_word' id='word_1_192' title='bbox 589 2747 712 2825; x_wconf 82' lang='lat' dir='ltr'>wyelry</span> <span class='ocrx_word' id='word_1_193' title='bbox 734 2745 940 2823; x_wconf 83' lang='lat' dir='ltr'>wyekoma.«</span> <span class='ocrx_word' id='word_1_194' title='bbox 966 2741 1118 2824; x_wconf 87' lang='lat' dir='ltr'>Sequitur</span> <span class='ocrx_word' id='word_1_195' title='bbox 1140 2744 1258 2804; x_wconf 91' lang='lat' dir='ltr'>lacuna</span> <span class='ocrx_word' id='word_1_196' title='bbox 1273 2747 1385 2804; x_wconf 84' lang='lat' dir='ltr'>excisa</span> <span class='ocrx_word' id='word_1_197' title='bbox 1401 2744 1650 2821; x_wconf 86' lang='lat' dir='ltr'>subscriptione,</span> <span class='ocrx_word' id='word_1_198' title='bbox 1671 2747 1765 2804; x_wconf 89' lang='lat' dir='ltr'>cuius</span> 
     </span>
     <span class='ocr_line' id='line_1_23' title="bbox 367 2829 1765 2911; baseline -0.002 -19"><span class='ocrx_word' id='word_1_199' title='bbox 367 2839 476 2893; x_wconf 90' lang='lat' dir='ltr'>tamen</span> <span class='ocrx_word' id='word_1_200' title='bbox 499 2834 562 2894; x_wconf 92' lang='lat' dir='ltr'>hoc</span> <span class='ocrx_word' id='word_1_201' title='bbox 586 2832 803 2911; x_wconf 83' lang='lat' dir='ltr'>fragmentum</span> <span class='ocrx_word' id='word_1_202' title='bbox 826 2836 993 2909; x_wconf 90' lang='lat' dir='ltr'>superest:</span> <span class='ocrx_word' id='word_1_203' title='bbox 1025 2830 1085 2890; x_wconf 84' lang='lat' dir='ltr'>»Et</span> <span class='ocrx_word' id='word_1_204' title='bbox 1107 2830 1224 2891; x_wconf 91' lang='lat' dir='ltr'>eodem</span> <span class='ocrx_word' id='word_1_205' title='bbox 1247 2846 1335 2890; x_wconf 92' lang='lat' dir='ltr'>anno</span> <span class='ocrx_word' id='word_1_206' title='bbox 1358 2833 1460 2891; x_wconf 88' lang='lat' dir='ltr'>nostri</span> <span class='ocrx_word' id='word_1_207' title='bbox 1483 2829 1614 2891; x_wconf 86' lang='lat' dir='ltr'>luerunt</span> <span class='ocrx_word' id='word_1_208' title='bbox 1635 2829 1765 2908; x_wconf 88' lang='lat' dir='ltr'>Basilye</span> 
     </span>
     <span class='ocr_line' id='line_1_24' title="bbox 366 2918 773 3000; baseline -0.005 -20"><span class='ocrx_word' id='word_1_209' title='bbox 366 2924 399 2980; x_wconf 89' lang='lat' dir='ltr'>et</span> <span class='ocrx_word' id='word_1_210' title='bbox 421 2926 572 2980; x_wconf 84' lang='lat' dir='ltr'>econtra«</span> <span class='ocrx_word' id='word_1_211' title='bbox 599 2918 773 3000; x_wconf 72' lang='lat'>(21433).</span> 
     </span>
    </p>
   </div>
   <div class='ocr_carea' id='block_1_10' title="bbox 366 3018 1767 3187">
    <p class='ocr_par' dir='ltr' id='par_1_10' title="bbox 366 3018 1767 3187">
     <span class='ocr_line' id='line_1_25' title="bbox 474 3018 1767 3097; baseline -0.003 -15"><span class='ocrx_word' id='word_1_212' title='bbox 474 3021 495 3084; x_wconf 84' lang='lat' dir='ltr'>i.</span> <span class='ocrx_word' id='word_1_213' title='bbox 519 3019 680 3083; x_wconf 66' lang='lat' dir='ltr'>oab—69⁸</span> <span class='ocrx_word' id='word_1_214' title='bbox 710 3023 866 3096; x_wconf 85' lang='lat' dir='ltr'>(anepigr.)</span> <span class='ocrx_word' id='word_1_215' title='bbox 895 3018 1075 3080; x_wconf 83' lang='lat' dir='ltr'>Tractatus</span> <span class='ocrx_word' id='word_1_216' title='bbox 1106 3018 1148 3078; x_wconf 90' lang='lat' dir='ltr'>de</span> <span class='ocrx_word' id='word_1_217' title='bbox 1179 3018 1424 3095; x_wconf 91' lang='lat' dir='ltr'>disputatione.</span> <span class='ocrx_word' id='word_1_218' title='bbox 1475 3018 1685 3097; x_wconf 84' lang='lat' dir='ltr'>»Disputacio</span> <span class='ocrx_word' id='word_1_219' title='bbox 1715 3025 1767 3078; x_wconf 90' lang='lat' dir='ltr'>est</span> 
     </span>
     <span class='ocr_line' id='line_1_26' title="bbox 366 3106 1449 3187; baseline -0.003 -18"><span class='ocrx_word' id='word_1_220' title='bbox 366 3115 460 3170; x_wconf 89' lang='lat' dir='ltr'>actus</span> <span class='ocrx_word' id='word_1_221' title='bbox 484 3110 723 3187; x_wconf 83' lang='lat' dir='ltr'>syllogisticus«</span> <span class='ocrx_word' id='word_1_222' title='bbox 750 3110 782 3166; x_wconf 90' lang='lat'>&gt;&lt;</span> <span class='ocrx_word' id='word_1_223' title='bbox 806 3108 861 3187; x_wconf 81' lang='lat' dir='ltr'>(de</span> <span class='ocrx_word' id='word_1_224' title='bbox 884 3107 1034 3180; x_wconf 83' lang='lat' dir='ltr'>fallaciis)</span> <span class='ocrx_word' id='word_1_225' title='bbox 1060 3106 1200 3165; x_wconf 79' lang='lat' dir='ltr'>»malum</span> <span class='ocrx_word' id='word_1_226' title='bbox 1224 3111 1276 3165; x_wconf 91' lang='lat' dir='ltr'>est</span> <span class='ocrx_word' id='word_1_227' title='bbox 1298 3108 1449 3166; x_wconf 84' lang='lat' dir='ltr'>malum«</span> 
     </span>
    </p>
   </div>
   <div class='ocr_carea' id='block_1_11' title="bbox 367 3207 1766 3462">
    <p class='ocr_par' dir='ltr' id='par_1_11' title="bbox 367 3207 1766 3462">
     <span class='ocr_line' id='line_1_27' title="bbox 474 3207 1766 3292; baseline -0.003 -18"><span class='ocrx_word' id='word_1_228' title='bbox 474 3213 495 3274; x_wconf 85' lang='grc'>1.</span> <span class='ocrx_word' id='word_1_229' title='bbox 519 3208 702 3274; x_wconf 62' lang='lat'>702—1041’</span> <span class='ocrx_word' id='word_1_230' title='bbox 724 3210 906 3272; x_wconf 86' lang='lat' dir='ltr'>Tractatus</span> <span class='ocrx_word' id='word_1_231' title='bbox 930 3210 971 3270; x_wconf 93' lang='lat' dir='ltr'>de</span> <span class='ocrx_word' id='word_1_232' title='bbox 995 3207 1199 3292; x_wconf 82' lang='lat' dir='ltr'>categoricis</span> <span class='ocrx_word' id='word_1_233' title='bbox 1222 3211 1354 3282; x_wconf 88' lang='lat' dir='ltr'>(Initium</span> <span class='ocrx_word' id='word_1_234' title='bbox 1377 3213 1483 3284; x_wconf 80' lang='lat' dir='ltr'>deest.)</span> <span class='ocrx_word' id='word_1_235' title='bbox 1509 3215 1637 3271; x_wconf 67' lang='lat' dir='ltr'>»umen</span> <span class='ocrx_word' id='word_1_236' title='bbox 1659 3211 1766 3271; x_wconf 89' lang='lat' dir='ltr'>solum</span> 
     </span>
     <span class='ocr_line' id='line_1_28' title="bbox 368 3294 1766 3377; baseline -0.001 -19"><span class='ocrx_word' id='word_1_237' title='bbox 368 3299 550 3360; x_wconf 89' lang='lat' dir='ltr'>secundum</span> <span class='ocrx_word' id='word_1_238' title='bbox 574 3300 709 3377; x_wconf 87' lang='lat' dir='ltr'>loycos‹</span> <span class='ocrx_word' id='word_1_239' title='bbox 735 3299 769 3356; x_wconf 89' lang='grc'>&gt;&lt;</span> <span class='ocrx_word' id='word_1_240' title='bbox 796 3296 905 3374; x_wconf 86' lang='lat' dir='ltr'>›Expl</span> <span class='ocrx_word' id='word_1_241' title='bbox 930 3301 1018 3357; x_wconf 91' lang='lat' dir='ltr'>tract.</span> <span class='ocrx_word' id='word_1_242' title='bbox 1045 3296 1086 3355; x_wconf 93' lang='lat' dir='ltr'>de</span> <span class='ocrx_word' id='word_1_243' title='bbox 1110 3295 1330 3373; x_wconf 86' lang='lat' dir='ltr'>kathegon&#39;cis</span> <span class='ocrx_word' id='word_1_244' title='bbox 1353 3294 1465 3356; x_wconf 88' lang='lat' dir='ltr'>finitus</span> <span class='ocrx_word' id='word_1_245' title='bbox 1488 3295 1530 3358; x_wconf 90' lang='lat' dir='ltr'>IV</span> <span class='ocrx_word' id='word_1_246' title='bbox 1553 3297 1610 3358; x_wconf 85' lang='lat' dir='ltr'>ier.</span> <span class='ocrx_word' id='word_1_247' title='bbox 1632 3301 1665 3358; x_wconf 93' lang='lat' dir='ltr'>in</span> <span class='ocrx_word' id='word_1_248' title='bbox 1679 3297 1766 3374; x_wconf 87' lang='lat' dir='ltr'>vigil.</span> 
     </span>
     <span class='ocr_line' id='line_1_29' title="bbox 367 3382 894 3462; baseline 0.002 -17"><span class='ocrx_word' id='word_1_249' title='bbox 367 3401 455 3462; x_wconf 92' lang='lat' dir='ltr'>corp.</span> <span class='ocrx_word' id='word_1_250' title='bbox 479 3384 554 3448; x_wconf 90' lang='lat' dir='ltr'>Chr.</span> <span class='ocrx_word' id='word_1_251' title='bbox 578 3390 610 3446; x_wconf 94' lang='lat' dir='ltr'>in</span> <span class='ocrx_word' id='word_1_252' title='bbox 634 3384 742 3446; x_wconf 83' lang='lat' dir='ltr'>Luna«</span> <span class='ocrx_word' id='word_1_253' title='bbox 770 3382 894 3458; x_wconf 87' lang='grc'><strong>(1433).</strong></span> 
     </span>
    </p>
   </div>
   <div class='ocr_carea' id='block_1_12' title="bbox 366 3483 1765 3740">
    <p class='ocr_par' dir='ltr' id='par_1_12' title="bbox 366 3483 1765 3740">
     <span class='ocr_line' id='line_1_30' title="bbox 474 3483 1762 3567; baseline -0.002 -18"><span class='ocrx_word' id='word_1_254' title='bbox 474 3489 494 3549; x_wconf 81' lang='lat' dir='ltr'>s.</span> <span class='ocrx_word' id='word_1_255' title='bbox 524 3483 724 3549; x_wconf 62' lang='lat'>1050—20712</span> <span class='ocrx_word' id='word_1_256' title='bbox 754 3490 907 3567; x_wconf 75' lang='lat' dir='ltr'>(anepigr,</span> <span class='ocrx_word' id='word_1_257' title='bbox 938 3506 1005 3544; x_wconf 89' lang='lat' dir='ltr'>cum</span> <span class='ocrx_word' id='word_1_258' title='bbox 1036 3489 1153 3545; x_wconf 87' lang='lat' dir='ltr'>initium</span> <span class='ocrx_word' id='word_1_259' title='bbox 1188 3492 1290 3545; x_wconf 83' lang='lat' dir='ltr'>deesse</span> <span class='ocrx_word' id='word_1_260' title='bbox 1325 3489 1471 3560; x_wconf 88' lang='lat' dir='ltr'>videatur)</span> <span class='ocrx_word' id='word_1_261' title='bbox 1504 3484 1685 3548; x_wconf 79' lang='lat' dir='ltr'>Tractatus</span> <span class='ocrx_word' id='word_1_262' title='bbox 1719 3486 1762 3546; x_wconf 82' lang='lat' dir='ltr'>de</span> 
     </span>
     <span class='ocr_line' id='line_1_31' title="bbox 366 3573 1765 3654; baseline -0.002 -19"><span class='ocrx_word' id='word_1_263' title='bbox 366 3574 677 3654; x_wconf 87' lang='lat' dir='ltr'>propositionibus.</span> <span class='ocrx_word' id='word_1_264' title='bbox 705 3573 925 3636; x_wconf 82' lang='lat' dir='ltr'>»Universalis</span> <span class='ocrx_word' id='word_1_265' title='bbox 948 3578 1000 3634; x_wconf 87' lang='lat' dir='ltr'>est</span> <span class='ocrx_word' id='word_1_266' title='bbox 1022 3575 1083 3646; x_wconf 90' lang='lat' dir='ltr'>illa,</span> <span class='ocrx_word' id='word_1_267' title='bbox 1114 3577 1146 3634; x_wconf 93' lang='lat' dir='ltr'>in</span> <span class='ocrx_word' id='word_1_268' title='bbox 1171 3590 1236 3653; x_wconf 95' lang='lat' dir='ltr'>qua</span> <span class='ocrx_word' id='word_1_269' title='bbox 1258 3573 1416 3634; x_wconf 91' lang='lat' dir='ltr'>subicitur</span> <span class='ocrx_word' id='word_1_270' title='bbox 1438 3575 1594 3634; x_wconf 88' lang='lat' dir='ltr'>terminus</span> <span class='ocrx_word' id='word_1_271' title='bbox 1618 3589 1765 3633; x_wconf 92' lang='lat' dir='ltr'>commu-</span> 
     </span>
     <span class='ocr_line' id='line_1_32' title="bbox 367 3659 1447 3740; baseline -0.004 -16"><span class='ocrx_word' id='word_1_272' title='bbox 367 3666 436 3724; x_wconf 86' lang='lat' dir='ltr'>nis«</span> <span class='ocrx_word' id='word_1_273' title='bbox 464 3665 496 3720; x_wconf 92' lang='grc'>&gt;&lt;</span> <span class='ocrx_word' id='word_1_274' title='bbox 522 3668 576 3723; x_wconf 85' lang='lat' dir='ltr'>»ut</span> <span class='ocrx_word' id='word_1_275' title='bbox 598 3663 708 3735; x_wconf 82' lang='lat' dir='ltr'>homa,</span> <span class='ocrx_word' id='word_1_276' title='bbox 732 3662 879 3740; x_wconf 85' lang='lat' dir='ltr'>angelus,</span> <span class='ocrx_word' id='word_1_277' title='bbox 902 3665 1027 3729; x_wconf 85' lang='lat' dir='ltr'>asinus,</span> <span class='ocrx_word' id='word_1_278' title='bbox 1052 3662 1133 3738; x_wconf 89' lang='lat' dir='ltr'>lapis</span> <span class='ocrx_word' id='word_1_279' title='bbox 1156 3667 1189 3721; x_wconf 91' lang='lat' dir='ltr'>et</span> <span class='ocrx_word' id='word_1_280' title='bbox 1211 3663 1259 3720; x_wconf 87' lang='lat' dir='ltr'>sic</span> <span class='ocrx_word' id='word_1_281' title='bbox 1283 3659 1323 3720; x_wconf 90' lang='lat' dir='ltr'>de</span> <span class='ocrx_word' id='word_1_282' title='bbox 1347 3661 1447 3722; x_wconf 78' lang='lat' dir='ltr'>aliis«</span> 
     </span>
    </p>
   </div>
   <div class='ocr_carea' id='block_1_13' title="bbox 368 3785 1769 4207">
    <p class='ocr_par' dir='ltr' id='par_1_13' title="bbox 368 3785 1769 4207">
     <span class='ocr_line' id='line_1_33' title="bbox 477 3785 1762 3858; baseline -0.002 -14"><span class='ocrx_word' id='word_1_283' title='bbox 477 3788 551 3844; x_wconf 92' lang='lat' dir='ltr'>Cum</span> <span class='ocrx_word' id='word_1_284' title='bbox 574 3788 718 3858; x_wconf 89' lang='lat' dir='ltr'>opuscula</span> <span class='ocrx_word' id='word_1_285' title='bbox 741 3803 828 3858; x_wconf 84' lang='lat' dir='ltr'>supra</span> <span class='ocrx_word' id='word_1_286' title='bbox 852 3787 996 3842; x_wconf 86' lang='lat' dir='ltr'>recensita</span> <span class='ocrx_word' id='word_1_287' title='bbox 1019 3801 1125 3855; x_wconf 86' lang='lat' dir='ltr'>magna</span> <span class='ocrx_word' id='word_1_288' title='bbox 1147 3801 1183 3840; x_wconf 89' lang='lat' dir='ltr'>ex</span> <span class='ocrx_word' id='word_1_289' title='bbox 1207 3790 1287 3855; x_wconf 90' lang='lat' dir='ltr'>parte</span> <span class='ocrx_word' id='word_1_290' title='bbox 1310 3786 1369 3840; x_wconf 92' lang='lat' dir='ltr'>sint</span> <span class='ocrx_word' id='word_1_291' title='bbox 1400 3785 1542 3854; x_wconf 89' lang='lat' dir='ltr'>mutilata,</span> <span class='ocrx_word' id='word_1_292' title='bbox 1577 3785 1675 3856; x_wconf 83' lang='lat' dir='ltr'>magni</span> <span class='ocrx_word' id='word_1_293' title='bbox 1699 3801 1762 3841; x_wconf 91' lang='lat' dir='ltr'>mo-</span> 
     </span>
     <span class='ocr_line' id='line_1_34' title="bbox 368 3871 1769 3944; baseline -0.002 -15"><span class='ocrx_word' id='word_1_294' title='bbox 368 3874 457 3930; x_wconf 88' lang='lat' dir='ltr'>menti</span> <span class='ocrx_word' id='word_1_295' title='bbox 484 3877 685 3930; x_wconf 88' lang='lat' dir='ltr'>videturesse</span> <span class='ocrx_word' id='word_1_296' title='bbox 708 3874 821 3944; x_wconf 88' lang='lat' dir='ltr'>titulus,</span> <span class='ocrx_word' id='word_1_297' title='bbox 852 3887 938 3944; x_wconf 85' lang='lat' dir='ltr'>quent</span> <span class='ocrx_word' id='word_1_298' title='bbox 961 3871 1198 3927; x_wconf 86' lang='lat' dir='ltr'>bibliothecarius</span> <span class='ocrx_word' id='word_1_299' title='bbox 1215 3871 1246 3927; x_wconf 88' lang='lat' dir='ltr'>S.</span> <span class='ocrx_word' id='word_1_300' title='bbox 1262 3871 1288 3930; x_wconf 87' lang='lat' dir='ltr'>J.</span> <span class='ocrx_word' id='word_1_301' title='bbox 1305 3873 1450 3943; x_wconf 89' lang='lat' dir='ltr'>operculo</span> <span class='ocrx_word' id='word_1_302' title='bbox 1474 3871 1617 3942; x_wconf 89' lang='lat' dir='ltr'>superiori</span> <span class='ocrx_word' id='word_1_303' title='bbox 1640 3872 1769 3942; x_wconf 87' lang='lat' dir='ltr'>adgluti-</span> 
     </span>
     <span class='ocr_line' id='line_1_35' title="bbox 368 3956 1769 4032; baseline -0.004 -15"><span class='ocrx_word' id='word_1_304' title='bbox 368 3963 464 4017; x_wconf 90' lang='lat' dir='ltr'>navit:</span> <span class='ocrx_word' id='word_1_305' title='bbox 484 3960 657 4016; x_wconf 80' lang='lat' dir='ltr'>»Matthiae</span> <span class='ocrx_word' id='word_1_306' title='bbox 679 3959 807 4032; x_wconf 83' lang='lat' dir='ltr'>Engliss</span> <span class='ocrx_word' id='word_1_307' title='bbox 822 3960 859 4014; x_wconf 88' lang='lat' dir='ltr'>de</span> <span class='ocrx_word' id='word_1_308' title='bbox 871 3959 1007 4014; x_wconf 85' lang='lat' dir='ltr'>linaticz</span> <span class='ocrx_word' id='word_1_309' title='bbox 1018 3959 1084 4028; x_wconf 89' lang='lat' dir='ltr'>(seu</span> <span class='ocrx_word' id='word_1_310' title='bbox 1100 3961 1198 4028; x_wconf 89' lang='lat' dir='ltr'>potius</span> <span class='ocrx_word' id='word_1_311' title='bbox 1211 3957 1394 4030; x_wconf 85' lang='lat' dir='ltr'>linatnycz)</span> <span class='ocrx_word' id='word_1_312' title='bbox 1420 3956 1604 4013; x_wconf 82' lang='lat' dir='ltr'>Summulae</span> <span class='ocrx_word' id='word_1_313' title='bbox 1617 3958 1769 4014; x_wconf 77' lang='lat' dir='ltr'>collectae</span> 
     </span>
     <span class='ocr_line' id='line_1_36' title="bbox 368 4043 1765 4117; baseline 0 -16"><span class='ocrx_word' id='word_1_314' title='bbox 368 4049 406 4101; x_wconf 89' lang='lat' dir='ltr'>de</span> <span class='ocrx_word' id='word_1_315' title='bbox 430 4047 522 4102; x_wconf 90' lang='lat' dir='ltr'>libris</span> <span class='ocrx_word' id='word_1_316' title='bbox 544 4046 705 4104; x_wconf 75' lang='lat' dir='ltr'>iohannis</span> <span class='ocrx_word' id='word_1_317' title='bbox 727 4045 840 4102; x_wconf 86' lang='lat' dir='ltr'>Wiclil</span> <span class='ocrx_word' id='word_1_318' title='bbox 859 4051 892 4101; x_wconf 90' lang='lat' dir='ltr'>et</span> <span class='ocrx_word' id='word_1_319' title='bbox 909 4044 1071 4102; x_wconf 75' lang='lat' dir='ltr'>iohannis</span> <span class='ocrx_word' id='word_1_320' title='bbox 1093 4043 1251 4101; x_wconf 73' lang='lat' dir='ltr'>Turius«.</span> <span class='ocrx_word' id='word_1_321' title='bbox 1274 4043 1388 4101; x_wconf 84' lang='lat' dir='ltr'>Titulus</span> <span class='ocrx_word' id='word_1_322' title='bbox 1412 4046 1460 4100; x_wconf 91' lang='lat' dir='ltr'>hic</span> <span class='ocrx_word' id='word_1_323' title='bbox 1483 4047 1582 4116; x_wconf 90' lang='lat' dir='ltr'>utique</span> <span class='ocrx_word' id='word_1_324' title='bbox 1606 4053 1672 4117; x_wconf 85' lang='lat' dir='ltr'>apte</span> <span class='ocrx_word' id='word_1_325' title='bbox 1694 4061 1765 4101; x_wconf 90' lang='lat' dir='ltr'>con·</span> 
     </span>
     <span class='ocr_line' id='line_1_37' title="bbox 368 4128 1766 4207; baseline 0 -19"><span class='ocrx_word' id='word_1_326' title='bbox 368 4135 448 4190; x_wconf 89' lang='lat' dir='ltr'>venit</span> <span class='ocrx_word' id='word_1_327' title='bbox 471 4137 508 4190; x_wconf 90' lang='lat' dir='ltr'>ad</span> <span class='ocrx_word' id='word_1_328' title='bbox 531 4140 686 4190; x_wconf 89' lang='lat' dir='ltr'>tractatum</span> <span class='ocrx_word' id='word_1_329' title='bbox 709 4133 728 4190; x_wconf 83' lang='lat' dir='ltr'>f.</span> <span class='ocrx_word' id='word_1_330' title='bbox 756 4133 868 4191; x_wconf 88' lang='grc'><strong>1-61.</strong></span> <span class='ocrx_word' id='word_1_331' title='bbox 893 4128 1046 4207; x_wconf 90' lang='lat' dir='ltr'>(Matthias</span> <span class='ocrx_word' id='word_1_332' title='bbox 1062 4135 1097 4187; x_wconf 90' lang='lat' dir='ltr'>de</span> <span class='ocrx_word' id='word_1_333' title='bbox 1114 4131 1269 4203; x_wconf 84' lang='lat' dir='ltr'>Hnatnycz</span> <span class='ocrx_word' id='word_1_334' title='bbox 1292 4139 1537 4188; x_wconf 89' lang='lat' dir='ltr'>commemoratur</span> <span class='ocrx_word' id='word_1_335' title='bbox 1559 4135 1589 4187; x_wconf 94' lang='lat' dir='ltr'>in</span> <span class='ocrx_word' id='word_1_336' title='bbox 1615 4131 1677 4190; x_wconf 92' lang='lat' dir='ltr'>Lib.</span> <span class='ocrx_word' id='word_1_337' title='bbox 1702 4134 1766 4188; x_wconf 91' lang='lat' dir='ltr'>dec.</span> 
     </span>
    </p>
   </div>
   <div class='ocr_carea' id='block_1_14' title="bbox 472 4386 1331 4469">
    <p class='ocr_par' dir='ltr' id='par_1_14' title="bbox 472 4386 1331 4469">
     <span class='ocr_line' id='line_1_38' title="bbox 472 4386 1331 4469; baseline -0.02 0"><span class='ocrx_word' id='word_1_338' title='bbox 472 4387 549 4469; x_wconf 86' lang='grc' dir='ltr'>Ι57Ι</span> <span class='ocrx_word' id='word_1_339' title='bbox 796 4386 902 4463; x_wconf 92' lang='lat' dir='ltr'><em>VIII.</em></span> <span class='ocrx_word' id='word_1_340' title='bbox 930 4386 969 4461; x_wconf 90' lang='lat' dir='ltr'>F.</span> <span class='ocrx_word' id='word_1_341' title='bbox 996 4387 1058 4463; x_wconf 85' lang='lat'>17.</span> <span class='ocrx_word' id='word_1_342' title='bbox 1087 4401 1132 4466; x_wconf 83' lang='lat' dir='ltr'>(Y.</span> <span class='ocrx_word' id='word_1_343' title='bbox 1150 4402 1171 4454; x_wconf 80' lang='grc' dir='ltr'>Ι.</span> <span class='ocrx_word' id='word_1_344' title='bbox 1190 4403 1214 4453; x_wconf 87' lang='lat' dir='ltr'>r.</span> <span class='ocrx_word' id='word_1_345' title='bbox 1232 4417 1259 4453; x_wconf 78' lang='lat' dir='ltr'>n.</span> <span class='ocrx_word' id='word_1_346' title='bbox 1277 4403 1331 4466; x_wconf 88' lang='lat'>21.)</span> 
     </span>
    </p>
   </div>
   <div class='ocr_carea' id='block_1_15' title="bbox 370 4525 1346 4607">
    <p class='ocr_par' dir='ltr' id='par_1_15' title="bbox 370 4525 1346 4607">
     <span class='ocr_line' id='line_1_39' title="bbox 370 4525 1346 4607; baseline -0.003 -16"><span class='ocrx_word' id='word_1_347' title='bbox 370 4531 496 4592; x_wconf 84' lang='lat' dir='ltr'>mixtus</span> <span class='ocrx_word' id='word_1_348' title='bbox 515 4547 603 4591; x_wconf 84' lang='lat' dir='ltr'>saec.</span> <span class='ocrx_word' id='word_1_349' title='bbox 626 4527 713 4590; x_wconf 90' lang='lat' dir='ltr'>XIV</span> <span class='ocrx_word' id='word_1_350' title='bbox 731 4546 778 4591; x_wconf 83' lang='lat' dir='ltr'>ex.</span> <span class='ocrx_word' id='word_1_351' title='bbox 792 4526 842 4607; x_wconf 86' lang='lat' dir='ltr'>ss.</span> <span class='ocrx_word' id='word_1_352' title='bbox 865 4529 940 4603; x_wconf 86' lang='grc'><strong>169,</strong></span> <span class='ocrx_word' id='word_1_353' title='bbox 962 4525 1139 4589; x_wconf 84' lang='grc'><strong>22·5&gt;&lt;15</strong></span> <span class='ocrx_word' id='word_1_354' title='bbox 1159 4545 1221 4588; x_wconf 84' lang='lat' dir='ltr'>cm.</span> <span class='ocrx_word' id='word_1_355' title='bbox 1246 4526 1276 4588; x_wconf 85' lang='lat' dir='ltr'>d.</span> <span class='ocrx_word' id='word_1_356' title='bbox 1302 4543 1346 4588; x_wconf 84' lang='lat' dir='ltr'>m.</span> 
     </span>
    </p>
   </div>
   <div class='ocr_carea' id='block_1_16' title="bbox 370 4646 1773 5061">
    <p class='ocr_par' dir='ltr' id='par_1_16' title="bbox 370 4646 1773 5061">
     <span class='ocr_line' id='line_1_40' title="bbox 478 4646 1770 4730; baseline -0.002 -18"><span class='ocrx_word' id='word_1_357' title='bbox 478 4651 498 4712; x_wconf 87' lang='lat' dir='ltr'>i.</span> <span class='ocrx_word' id='word_1_358' title='bbox 527 4647 685 4712; x_wconf 72' lang='lat' dir='ltr'>1⁸—113b</span> <span class='ocrx_word' id='word_1_359' title='bbox 709 4652 850 4730; x_wconf 83' lang='lat' dir='ltr'>(anepigr.</span> <span class='ocrx_word' id='word_1_360' title='bbox 875 4654 958 4709; x_wconf 92' lang='lat' dir='ltr'>initio</span> <span class='ocrx_word' id='word_1_361' title='bbox 981 4654 1134 4724; x_wconf 83' lang='lat' dir='ltr'>putredine</span> <span class='ocrx_word' id='word_1_362' title='bbox 1156 4647 1284 4724; x_wconf 87' lang='lat' dir='ltr'>vitiato).</span> <span class='ocrx_word' id='word_1_363' title='bbox 1307 4646 1482 4709; x_wconf 75' lang='lat' dir='ltr'>Iohannis</span> <span class='ocrx_word' id='word_1_364' title='bbox 1505 4648 1547 4709; x_wconf 87' lang='lat' dir='ltr'>de</span> <span class='ocrx_word' id='word_1_365' title='bbox 1562 4647 1708 4710; x_wconf 76' lang='lat' dir='ltr'>Parisiis</span> <span class='ocrx_word' id='word_1_366' title='bbox 1726 4647 1770 4726; x_wconf 78' lang='lat' dir='ltr'>(i)</span> 
     </span>
     <span class='ocr_line' id='line_1_41' title="bbox 374 4733 1772 4816; baseline -0.004 -15"><span class='ocrx_word' id='word_1_367' title='bbox 374 4737 632 4801; x_wconf 90' lang='lat' dir='ltr'>Correctorlum</span> <span class='ocrx_word' id='word_1_368' title='bbox 655 4737 860 4816; x_wconf 90' lang='lat' dir='ltr'>corruptorii</span> <span class='ocrx_word' id='word_1_369' title='bbox 873 4738 1038 4799; x_wconf 85' lang='lat' dir='ltr'>Summae</span> <span class='ocrx_word' id='word_1_370' title='bbox 1061 4734 1256 4796; x_wconf 83' lang='lat' dir='ltr'>Thomaeae</span> <span class='ocrx_word' id='word_1_371' title='bbox 1279 4735 1453 4796; x_wconf 81' lang='lat' dir='ltr'>adversus</span> <span class='ocrx_word' id='word_1_372' title='bbox 1476 4733 1687 4796; x_wconf 91' lang='lat' dir='ltr'>Guilelmum</span> <span class='ocrx_word' id='word_1_373' title='bbox 1709 4734 1772 4796; x_wconf 89' lang='lat' dir='ltr'>La·</span> 
     </span>
     <span class='ocr_line' id='line_1_42' title="bbox 372 4821 1773 4904; baseline -0.003 -18"><span class='ocrx_word' id='word_1_374' title='bbox 372 4841 581 4890; x_wconf 86' lang='lat' dir='ltr'>marensem.</span> <span class='ocrx_word' id='word_1_375' title='bbox 604 4826 624 4888; x_wconf 90' lang='grc'>1.</span> <span class='ocrx_word' id='word_1_376' title='bbox 648 4823 702 4886; x_wconf 68' lang='lat'>5¹³:</span> <span class='ocrx_word' id='word_1_377' title='bbox 729 4823 842 4888; x_wconf 82' lang='lat' dir='ltr'>»Circa</span> <span class='ocrx_word' id='word_1_378' title='bbox 864 4829 1070 4904; x_wconf 90' lang='lat' dir='ltr'>questionem</span> <span class='ocrx_word' id='word_1_379' title='bbox 1098 4823 1137 4883; x_wconf 88' lang='lat'>14</span> <span class='ocrx_word' id='word_1_380' title='bbox 1159 4829 1217 4884; x_wconf 88' lang='lat' dir='ltr'>art.</span> <span class='ocrx_word' id='word_1_381' title='bbox 1246 4823 1278 4883; x_wconf 95' lang='lat' dir='ltr'>ll</span> <span class='ocrx_word' id='word_1_382' title='bbox 1308 4823 1555 4900; x_wconf 88' lang='lat' dir='ltr'>calumpniatur.</span> <span class='ocrx_word' id='word_1_383' title='bbox 1588 4822 1634 4885; x_wconf 94' lang='lat' dir='ltr'>Ibi</span> <span class='ocrx_word' id='word_1_384' title='bbox 1657 4821 1773 4882; x_wconf 90' lang='lat' dir='ltr'>dicitur</span> 
     </span>
     <span class='ocr_line' id='line_1_43' title="bbox 372 4905 1772 4991; baseline -0.004 -17"><span class='ocrx_word' id='word_1_385' title='bbox 372 4917 403 4974; x_wconf 92' lang='lat' dir='ltr'>in</span> <span class='ocrx_word' id='word_1_386' title='bbox 427 4918 661 4991; x_wconf 83' lang='lat' dir='ltr'>responsione·</span> <span class='ocrx_word' id='word_1_387' title='bbox 690 4915 727 4990; x_wconf 90' lang='lat'>&gt;&lt;</span> <span class='ocrx_word' id='word_1_388' title='bbox 756 4912 816 4973; x_wconf 81' lang='lat' dir='ltr'>»Et</span> <span class='ocrx_word' id='word_1_389' title='bbox 838 4917 886 4972; x_wconf 89' lang='lat' dir='ltr'>sic</span> <span class='ocrx_word' id='word_1_390' title='bbox 909 4917 1006 4990; x_wconf 89' lang='lat' dir='ltr'>patet,</span> <span class='ocrx_word' id='word_1_391' title='bbox 1042 4910 1210 4988; x_wconf 91' lang='lat' dir='ltr'>quomodo</span> <span class='ocrx_word' id='word_1_392' title='bbox 1244 4925 1319 4969; x_wconf 91' lang='lat' dir='ltr'>vere</span> <span class='ocrx_word' id='word_1_393' title='bbox 1355 4913 1520 4987; x_wconf 89' lang='lat' dir='ltr'>processit</span> <span class='ocrx_word' id='word_1_394' title='bbox 1553 4908 1649 4970; x_wconf 86' lang='lat' dir='ltr'>irater</span> <span class='ocrx_word' id='word_1_395' title='bbox 1681 4905 1772 4970; x_wconf 91' lang='lat' dir='ltr'>Tho·</span> 
     </span>
     <span class='ocr_line' id='line_1_44' title="bbox 370 5016 476 5061; baseline -0.009 -1"><span class='ocrx_word' id='word_1_396' title='bbox 370 5016 476 5061; x_wconf 79' lang='lat' dir='ltr'>mas«</span> 
     </span>
    </p>
   </div>
   <div class='ocr_carea' id='block_1_17' title="bbox 1048 5217 1098 5270">
    <p class='ocr_par' dir='ltr' id='par_1_17' title="bbox 1048 5217 1098 5270">
     <span class='ocr_line' id='line_1_45' title="bbox 1048 5217 1098 5270; baseline -0.04 0"><span class='ocrx_word' id='word_1_397' title='bbox 1048 5217 1098 5270; x_wconf 82' lang='lat'>582</span> 
     </span>
    </p>
   </div>
   <div class='ocr_carea' id='block_1_18' title="bbox 0 0 2048 5956">
    <p class='ocr_par' dir='ltr' id='par_1_18' title="bbox 0 0 2048 5956">
     <span class='ocr_line' id='line_1_46' title="bbox 0 0 2048 5956; baseline 0 0"><span class='ocrx_word' id='word_1_398' title='bbox 0 0 2048 5956; x_wconf 95' lang='lat' dir='ltr'> </span> 
     </span>
    </p>
   </div>
  </div>
 </body>
</html>
