4034 5956
1066 587 1129 647 827

440 827 445 833 ·
503 792 583 873 827
864 792 900 866 V.
928 795 971 868 B.
1001 794 1059 869 10.
1087 809 1131 877 (Y.
1151 809 1186 861 ir.
1206 813 1333 876 rma.)

399 933 504 994 chari.
529 885 615 995 saec.
631 932 718 994 XIV
738 931 840 1011 eaff.
856 934 919 996 121
943 952 1045 1007 uum„
1067 934 1211 997 30)(22
1227 952 1290 996 cm.
1317 936 1348 997 d.
1367 925 1415 997 'na

794 1053 889 1116 Petri
911 1054 1112 1117 Blaesensis
1134 1052 1313 1132 Epistolae
1338 1053 1409 1116 154.

503 1156 629 1220 Initium
653 1163 684 1219 in
708 1157 761 1220 iol.
785 1175 852 1220 non
886 1174 980 1220 num:
1028 1157 1188 1220 »Henrico
1211 1159 1263 1219 dei
1284 1177 1331 1238 gr.
1355 1160 1464 1220 illustr.
1497 1163 1562 1237 regi
1598 1160 1731 1238 anglie«
1760 1159 1790 1224 Χ

400 1243 420 1305 i.
448 1241 524 1304 127b
550 1244 752 1323 »Expliciunt
785 1247 919 1323 epistole
944 1245 1025 1306 Petri
1048 1244 1216 1306 Blesensis
1257 1251 1334 1323 post
1366 1245 1613 1308 dedicacionem
1649 1245 1793 1308 Tusten·

400 1345 472 1390 cem
494 1331 570 1408 (sic)
594 1335 742 1410 proxima
763 1332 820 1393 ser.
843 1330 882 1393 lll
905 1330 1022 1392 finite«
1049 1330 1238 1411 Sequuntur
1259 1348 1377 1392 versus
1400 1329 1530 1393 fabulae
1554 1334 1595 1394 de
1619 1338 1713 1395 asino
1739 1351 1797 1412 pa-

400 1433 468 1477 rem
490 1419 623 1479 auribus
647 1419 786 1479 caudam
812 1424 977 1497 poscente.

507 1541 541 1596 In
563 1543 732 1597 membrana
754 1535 891 1613 operculo
914 1529 996 1598 infer.
1020 1542 1149 1613 adligata
1172 1543 1381 1598 concinnatum
1412 1550 1456 1598 est
1479 1545 1632 1614 registrum
1655 1545 1797 1614 epistola-

399 1644 473 1684 rum.
497 1626 641 1699 Operculo
664 1643 760 1700 super.
785 1627 945 1698 adligatum
967 1634 1012 1683 est
1034 1629 1227 1699 iragmentum
1250 1629 1408 1685 membran.
1433 1632 1589 1685 cuiusdam
1620 1631 1687 1686 libri
1713 1631 1796 1686 litur-

400 1715 457 1784 gici
480 1730 558 1771 saec.
583 1713 660 1775 XIV.
688 1714 781 1769 Vetus
804 1716 879 1784 sign.
905 1714 939 1786 Q,
965 1715 1015 1769 39.

505 1898 587 1979 828
878 1899 920 1972 V.
949 1898 992 1975 B.
1019 1899 1081 1972 II.
1109 1914 1154 1978 (x
1174 1915 1195 1965 1.
1213 1917 1238 1966 a.
1258 1930 1284 1966 n.
1300 1917 1357 1977 37.)

400 2041 507 2102 chari.
530 2056 617 2101 saec.
640 2037 764 2120 XVff.
787 2039 861 2112 105,
882 2039 923 2101 31
938 2038 1025 2099 ><22
1046 2055 1109 2100 cm.
1133 2038 1164 2098 d.
1189 2057 1233 2099 m.

476 2162 615 2224 Roberti
637 2160 817 2238 Alingtoni
838 2159 1119 2222 Commentarius
1144 2160 1181 2220 in
1202 2159 1404 2222 Aristotelis
1427 2159 1718 2223 Praedieameata.

503 2283 523 2343 1.
552 2283 582 2342 1·
603 2281 761 2358 (anepigr.)
789 2280 972 2359 »Quoniam
996 2282 1101 2358 logica
1133 2281 1176 2341 ad
1210 2285 1356 2342 omnium
1392 2286 1606 2343 scienciarum
1641 2285 1797 2361 pn'ncipia

400 2375 486 2430 viam
510 2369 624 2429 habet«
652 2369 685 2425 ><
709 2369 727 2429 i.
757 2367 833 2428 105α
860 2368 1003 2428 »dicetur
1025 2372 1057 2428 in
1081 2368 1161 2427 libro
1186 2365 1253 2428 Sex
1276 2367 1517 2446 Principiorum.
1564 2369 1629 2430 lsta
1652 2385 1729 2447 ergo
1751 2371 1795 2429 ad

401 2473 537 2536 presens
561 2455 646 2515 dicte
669 2454 834 2515 sufficiant
856 2458 889 2514 in
919 2453 1115 2532 compendio
1153 2470 1212 2531 pro
1242 2456 1355 2524 ¹literali
1390 2452 1528 2516 Summa
1562 2455 1659 2515 huius
1694 2457 1791 2516 libri.»

402 2544 497 2616 Finis,
520 2543 586 2617 ubi,
609 2547 645 2601 ut
666 2544 817 2620 reliquiae
840 2543 882 2601 lit.
907 2545 979 2600 mai.
1005 2541 1133 2607 docent,
1165 2547 1341 2601 annotatus
1372 2547 1440 2602 erat
1473 2549 1587 2602 auctor
1619 2547 1651 2601 et
1685 2544 1795 2603 titulus

399 2634 517 2709 operis
541 2627 673 2688 dimidio
696 2628 771 2689 lolio
794 2628 945 2688 abscisso
968 2627 1070 2686 deest.

507 2753 659 2825 Operculis
682 2752 811 2822 adligata
833 2759 902 2806 sunt
931 2751 1090 2820 fragmenta
1123 2751 1242 2805 membr.
1270 2752 1381 2807 codicis
1408 2754 1561 2806 cuiusdam
1584 2753 1691 2822 philos.
1716 2769 1794 2812 saec.

399 2840 476 2910 XIV,
500 2843 675 2911 inquorum
699 2839 789 2893 altero
812 2844 930 2892 notatur
953 2837 1017 2892 libri
1041 2852 1196 2908 possesor:
1221 2836 1299 2907 Mag.
1324 2837 1436 2908 Symon
1460 2841 1495 2893 de
1519 2837 1669 2894 Chrudim.

504 3008 584 3089 829
874 3005 907 3078 V.
937 3005 979 3081 B.
1008 3005 1068 3080 12.
1088 3022 1133 3086 (x.
1153 3022 1188 3074 ιι,
1207 3024 1231 3073 2.
1250 3039 1275 3072 n.
1293 3025 1348 3086 aa.)

401 3151 509 3212 citari.
534 3165 566 3208 a.
590 3146 676 3209 1308
689 3144 738 3224 ff.
755 3145 830 3219 288,
844 3145 922 3207 295
933 3146 1017 3207 ><21
1035 3163 1097 3206 cnr.
1114 3147 1145 3206 d.
1170 3165 1214 3206 m.

401 3269 542 3349 Ruperti
566 3272 621 3342 (--
634 3267 791 3344 Roberti)
813 3267 964 3344 Holgoth
995 3265 1179 3414 L⁰⁰t³t9¹¹⁹⁸
1203 3283 1268 3328 seu
1290 3266 1435 3329 Postilla
1458 3283 1565 3344 super
1586 3268 1676 3330 libro
1699 3269 1795 3346 Sapi-

1036 3370 1080 3414 en
1097 3370 1159 3416 rae.

504 3459 523 3521 1.
552 3461 585 3520 1²
612 3457 791 3519 »Dominus
815 3463 905 3535 petra
927 3474 1001 3517 mea
1024 3463 1055 3518 et
1078 3458 1176 3517 robur
1198 3474 1326 3517 meum«
1352 3458 1387 3513 ><
1409 3457 1430 3517 1.
1454 3453 1534 3518 287b
1560 3457 1716 3536 »Explicit
1739 3477 1795 3536 po·

403 3550 486 3609 stilla
510 3564 608 3624 super
631 3548 745 3606 librum
770 3548 933 3622 sapiencie
956 3543 1046 3605 finita
1068 3562 1096 3604 a.
1121 3545 1152 3604 d.
1178 3543 1290 3604 1398.«

503 3651 524 3714 1.
548 3649 628 3711 288⁸
652 3649 724 3727 (alia
745 3667 833 3706 manu
857 3652 989 3706 additum
999 3646 1020 3725 ς)
1046 3647 1183 3707 »Fratris
1206 3647 1352 3725 Procopii
1376 3648 1416 3708 de
1440 3646 1592 3726 Belyna.‹

508 3771 656 3847 Operculo
679 3773 760 3828 infer.
785 3773 944 3843 adligatum
968 3779 1028 3828 erat
1050 3773 1244 3842 fragmentum
1266 3774 1386 3830 membr.
1411 3775 1589 3844 quietantiae
1621 3775 1707 3830 datae
1732 3789 1795 3830 mo·

399 3869 474 3920 nast.
499 3866 535 3918 de
558 3860 693 3915 Milewslr
717 3862 780 3916 ord.
804 3867 995 3931 praemonstr.
1021 3859 1103 3929 Prag.
1128 3861 1257 3916 dioeces
1282 3875 1370 3930 super
1393 3860 1500 3914 debitis
1523 3860 1717 3918 fideiussoriis
1742 3877 1795 3916 so-

399 3950 468 4005 lutis
493 3967 519 4007 a.
547 3948 638 4016 1366,
662 3949 741 4018 quod
765 3963 844 4002 nunc
867 3949 1023 4017 separatim
1046 3953 1221 4002 asservatur.
1245 3946 1338 4000 Vetus
1361 3947 1437 4015 sign.
1461 3945 1486 4012 J,
1512 3947 1562 4003 65.

502 4132 587 4213 830
856 4131 897 4205 V.
926 4131 969 4206 B.
997 4131 1058 4205 13.
1078 4146 1123 4212 <x
1142 4145 1176 4198 ιι.
1195 4147 1219 4198 2.
1238 4162 1264 4197 n.
1281 4148 1336 4210 39.)

397 4275 506 4334 chart.
530 4291 562 4334 a.
585 4273 672 4335 1400
683 4272 728 4354 ff.
752 4273 827 4346 283,
849 4271 1022 4333 29·5><21
1047 4289 1109 4332 cm.
1134 4271 1155 4332 2
1177 4289 1221 4332 m.

501 4395 521 4455 1.
551 4395 664 4454 1³-8b
688 4391 865 4455 Sermones
889 4394 1018 4464 diversi,
1042 4408 1181 4470 quorum
1212 4396 1335 4453 initium
1374 4393 1467 4454 deest
1501 4401 1533 4454 et
1565 4393 1641 4454 finis
1677 4395 1793 4455 subse·

399 4485 453 4561 qui
476 4482 601 4542 videtur
624 4480 643 4542 1.
669 4477 884 4555 2820-2830,
908 4481 962 4540 ubi
986 4481 1115 4557 legitur:
1143 4479 1300 4557 »Explicit
1330 4477 1468 4541 Summa
1502 4497 1601 4559 super
1635 4483 1792 4559 epistolas

397 4575 428 4629 et
451 4570 630 4645 ewangelia
654 4573 758 4628 tocius
781 4572 857 4629 anni
881 4585 938 4645 per
960 4567 1192 4628 distincciones
1216 4567 1388 4627 dominicis
1412 4567 1529 4628 diebus
1553 4573 1634 4628 etc«

499 4690 519 4750 i.
554 4686 717 4750 9³¹—282b
750 4688 871 4751 Milicii
905 4689 963 4767 (de
996 4681 1191 4765 liromdist)
1222 4688 1429 4750 Sermonum
1453 4687 1494 4749 de
1517 4693 1675 4765 tempore
1699 4688 1793 4748 etde

395 4777 528 4839 sanctis
541 4775 756 4855 (Gratiarum
769 4776 838 4854 dei)
861 4793 942 4853 pars
965 4775 989 4836 1.
1015 4776 1140 4853 »Alpha
1163 4781 1195 4836 et
1217 4792 1237 4836 0
1261 4779 1452 4853 principium
1476 4781 1508 4835 et
1530 4773 1624 4835 linis«
1653 4775 1685 4832 ><
1711 4773 1794 4835 »Ex-

399 4867 485 4942 plicit
507 4869 609 4942 prima
633 4881 708 4942 pars
732 4865 857 4942 postille
880 4861 1071 4942 (rubricator
1094 4866 1338 4940 superscripsit:
1375 4861 1496 4934 ltlilicii)
1526 4867 1714 4939 comparata
1737 4879 1794 4940 per

396 4951 482 5012 dom.
507 4949 681 5012 blarrinum
716 4951 756 5010 de
791 4947 988 5011 Nowossedl
1026 4955 1057 5010 et
1090 4948 1180 5010 finita
1211 4966 1267 5027 per
1290 4947 1509 5010 Raczkonem
1532 4948 1575 5028 (i)
1598 4947 1641 5009 de
1663 4947 1793 5026 Lutycz

397 5039 459 5099 sub
483 5055 511 5102 a.
537 5038 566 5098 d.
595 5037 678 5099 1400
700 5036 755 5098 ier.
779 5035 821 5098 IV
844 5041 875 5098 in
900 5039 1046 5115 palmis«

1068 5259 1119 5310 338
