3990 5956
1016 469 1080 534 700

456 675 608 748 Operculis
631 679 761 748 adligata
784 687 853 735 sunt
876 679 1038 750 fragmenta
1060 683 1180 742 membr.
1205 682 1317 740 codicis
1341 683 1496 738 cuiusdam
1519 681 1645 752 liturgici
1667 696 1747 738 saec.

345 759 424 818 XIV.
448 761 599 820 Praeterea
621 766 746 822 observa
768 767 823 822 has
846 773 933 823 notas
960 769 987 825 t.
1010 770 1041 822 in
1064 769 1203 840 operculo
1226 784 1330 840 super:
1357 767 1463 824 »Liber
1483 766 1564 839 Mag.
1578 766 1696 823 Martini
1710 770 1746 823 de

346 847 524 920 Homepnik,
555 866 641 922 quem
671 851 779 922 legavit
807 867 860 924 pro
891 854 1014 924 collegio
1044 855 1177 928 Karoli‹‚
1210 857 1237 914 2.
1269 855 1396 913 ibidem:
1429 852 1528 924 »Mag
1551 853 1746 911 wenceslaus

346 934 561 992 Paczowiensis
584 937 654 1008 legit
675 937 910 1010 Metaplrysicam
933 946 962 995 et
984 941 1077 998 linivit
1100 943 1150 998 ier.
1173 943 1212 998 111
1236 949 1304 998 ante
1326 942 1354 1000 b.
1378 940 1470 997 Marie
1483 940 1744 998 annunciacionem

347 1022 420 1078 hora
443 1024 479 1079 21
507 1040 533 1080 a.
557 1026 586 1080 d.
614 1024 727 1093 itate,
760 1025 788 1084 3.
811 1027 842 1082 in
866 1026 914 1083 lol.
940 1029 1046 1085 memb.
1068 1030 1245 1101 praeligato:
1279 1028 1377 1099 »Mag
1401 1027 1532 1083 Jacobus
1556 1025 1745 1084 Strzibrensis

346 1113 418 1164 tunc
441 1115 552 1166 arcium
574 1110 722 1168 facultatis
745 1115 876 1168 decanus
899 1113 1006 1169 librum
1029 1115 1231 1187 Metapbysice
1255 1116 1411 1188 explanare
1434 1115 1543 1184 incepit
1566 1131 1593 1171 a.
1617 1115 1745 1173 (11433

347 1193 397 1250 fer.
420 1195 469 1253 111.
491 1202 561 1267 post
583 1199 810 1254 translacionem
834 1216 858 1258 5.
877 1199 1079 1257 wenceslai«

452 1363 539 1445 7⁰⁰
800 1367 872 1447 IV.
901 1368 943 1444 E.
974 1369 1036 1445 20.
1068 1385 1241 1448 (istan.
1260 1387 1316 1450 24.)

348 1483 456 1546 chart.
480 1503 514 1549 a.
536 1487 623 1551 1453
638 1488 681 1570 ff.
701 1491 764 1553 361
787 1509 892 1566 uum,
914 1491 954 1554 21
970 1494 1003 1550 ><
1015 1493 1060 1554 15
1081 1510 1144 1554 cm.
1166 1493 1184 1554 1
1210 1509 1254 1553 m.
1272 1509 1350 1554 cum
1373 1491 1444 1552 init.
1462 1491 1540 1572 pict.

390 1603 644 1671 vocabularius
672 1610 1015 1692 latino-germanicus
1042 1613 1462 1692 (Lateinisch-deutsches
1484 1611 1705 1690 Vocabuiar).

455 1710 476 1773 1.
506 1717 538 1774 1⁸
563 1715 611 1774 »A
634 1721 685 1776 est
715 1733 836 1778 nomen
859 1719 1038 1790 materiale,
1063 1717 1249 1778 secundum
1273 1718 1362 1795 quod
1385 1733 1504 1778 omnes
1528 1719 1615 1778 litere
1638 1717 1749 1796 alpha·

348 1800 430 1860 beri«
457 1798 491 1854 ><
514 1799 535 1862 1.
558 1799 639 1863 3511
665 1801 823 1881 »Explicit
845 1805 1074 1865 vocabularius
1098 1821 1259 1884 pomanus
1283 1809 1359 1878 (sic)
1382 1803 1539 1865 Eiusdem
1562 1802 1663 1866 Pauli
1686 1849 1748 1864 ...

349 1885 480 1962 (lacuna
502 1891 615 1950 atram.
639 1887 727 1964 illita)
750 1907 779 1950 a.
804 1891 834 1952 d.
861 1888 997 1953 1458111
1022 1893 1073 1951 die
1097 1890 1231 1970 llathey
1255 1892 1336 1952 hora
1358 1907 1570 1969 vesperarum
1586 1897 1662 1969 post
1676 1907 1748 1950 ves-

349 1989 446 2052 peras
469 1978 582 2055 quinta
603 1976 715 2036 bora«

457 2061 479 2122 1.
502 2057 709 2122 3511-3571
732 2061 970 2124 Vocabularius
995 2065 1169 2141 lat-germ.
1194 2068 1311 2125 minor.

457 2148 478 2209 1.
502 2144 583 2209 3571
605 2147 806 2226 adglutinata
821 2155 872 2210 est
895 2149 1010 2228 imago
1026 2167 1055 2212 s.
1071 2149 1283 2212 Catharinae
1299 2149 1370 2212 aeri
1387 2153 1461 2211 arte
1474 2150 1623 2228 punctili
1639 2149 1751 2212 incisa

349 2233 575 2311 (Schrotbild)
609 2251 684 2296 cum
723 2238 783 2296 hac
815 2240 1024 2315 inscriptione
1055 2239 1182 2298 calamo
1212 2243 1362 2297 exarata:
1397 2237 1454 2296 »A.
1478 2237 1510 2298 d.
1539 2237 1621 2298 1466
1643 2241 1675 2298 in
1699 2237 1749 2298 die

350 2338 377 2380 5.
400 2321 561 2384 Jobannis
598 2339 714 2400 evang.
751 2323 791 2382 de
827 2340 922 2384 mane
957 2327 1044 2385 circa
1074 2327 1266 2384 matutinam
1301 2325 1379 2385 obiit
1412 2324 1527 2384 honor.
1566 2328 1616 2384 vir
1638 2325 1751 2384 doctor

349 2407 518 2469 Steffanus
541 2407 645 2470 Protin
670 2409 818 2470 decanus
842 2409 1006 2471 facultatis
1030 2411 1221 2489 theoloyee‹
1249 2457 1309 2471 ...

457 2494 478 2558 1.
502 2492 905 2558 358⁸-3nibT1-actatus
929 2498 969 2558 de
993 2497 1102 2558 verbis
1125 2496 1368 2575 deponentibus
1392 2502 1424 2558 in
1447 2497 1513 2559 fine
1537 2514 1686 2559 mancus.

458 2602 599 2659 Codicem
621 2604 701 2658 hunc
724 2603 847 2659 breviter
868 2609 1077 2659 commemorat
1100 2602 1181 2658 Kelle
1205 2605 1235 2658 in
1259 2603 1416 2674 Serapeum
1444 2604 1526 2660 1860
1549 2622 1578 2677 p.
1605 2605 1654 2661 13.

455 2771 526 2853 701
803 2770 874 2847 JV.
902 2772 947 2847 E.
975 2772 1037 2847 21.
1065 2787 1111 2852 (Y.
1130 2789 1150 2840 1.
1169 2789 1195 2839 2.
1208 2789 1301 2851 asa)

350 2898 458 2961 chart.
482 2914 515 2960 a.
538 2895 681 2978 1429ffi
704 2894 778 2972 235,
801 2894 979 2957 22)(155
999 2911 1073 2972 cen,
1096 2894 1115 2956 1
1140 2912 1186 2956 m.

374 3018 467 3081 Petri
489 3017 585 3080 Eliae
608 3017 663 3097 (de
685 3014 785 3097 Riga)
807 3016 1055 3079 commentum
1076 3032 1183 3094 super
1213 3015 1326 3079 maius
1356 3017 1521 3081 volumen
1550 3017 1729 3082 Prisciani.

460 3121 483 3183 1.
510 3124 545 3183 1⁸
569 3121 640 3180 »Ad
663 3125 819 3182 maiorem
848 3125 927 3181 artis
949 3125 1160 3198 grammatice
1183 3125 1430 3199 cognicionem‹
1458 3121 1534 3182 ><1.
1561 3121 1642 3182 235⁸
1670 3123 1751 3184 »Ex-

354 3211 440 3289 plicit
473 3214 695 3270 commentum
730 3207 783 3269 Pe.
817 3206 909 3268 Helie
943 3211 1144 3285 grammatici
1179 3209 1288 3286 eximij
1324 3224 1424 3285 super
1456 3213 1564 3269 maius
1598 3211 1752 3271 volumen

354 3297 508 3357 Prisciani
530 3300 729 3373 reportatum
761 3293 895 3368 cor¹⁰(i)
925 3297 957 3354 in
989 3296 1081 3355 scola
1114 3301 1189 3355 ante
1223 3294 1337 3356 letam
1370 3293 1503 3356 Curiam
1539 3311 1596 3374 per
1632 3313 1750 3358 manus

353 3382 519 3446 Stanislai
553 3382 596 3443 de
629 3379 772 3443 Gnecna
804 3399 834 3442 a.
863 3382 894 3442 d.
921 3379 1014 3455 1429,
1048 3381 1237 3442 inchoatum
1270 3381 1387 3441 eodem
1425 3398 1513 3443 anno
1547 3383 1604 3444 ier.
1637 3382 1660 3443 ll
1681 3389 1757 3462 post

354 3470 475 3531 testum
505 3471 651 3546 corporis
685 3467 813 3540 Christi,
848 3468 1112 3547 completumque
1136 3467 1191 3528 ier.
1218 3474 1313 3528 sexta
1342 3468 1461 3528 eodem
1485 3485 1573 3529 anno
1597 3477 1672 3548 post
1702 3467 1755 3530 Ni·

354 3559 455 3618 colai‹
477 3601 485 3618 .
505 3603 513 3617 .
533 3601 567 3617 ..

459 3728 542 3810 702
803 3728 872 3804 IV.
900 3727 942 3802 E.
971 3726 1032 3802 22.
1052 3743 1098 3806 (x.
1117 3742 1137 3795 1
1156 3745 1181 3794 2.
1200 3759 1227 3795 n.
1245 3745 1299 3807 28.)

355 3851 545 3914 membran.
566 3869 654 3914 saec.
677 3849 765 3913 XIV
773 3851 818 3933 ff.
841 3851 918 3927 298,
938 3850 1083 3913 23)(16
1104 3868 1167 3912 cm.
1192 3850 1223 3913 d.
1248 3869 1293 3912 m.

353 3973 532 4046 (Matthiae
547 3971 763 4037 Farinatoris
779 3989 839 4033 seu
854 3975 963 4051 potius
979 3971 1178 4050 Berengarii
1189 3973 1232 4034 de
1246 3971 1421 4050 Londora)
1439 3971 1592 4034 »Lumen
1610 3973 1758 4036 anime«.

797 4058 972 4136 Excerpta
994 4057 1152 4120 eiusdem
1176 4059 1304 4137 operis.

463 4165 482 4226 1.
512 4163 644 4229 1·-13·
675 4163 804 4244 Duplex
827 4167 999 4241 registrum
1026 4179 1146 4242 »super
1167 4165 1310 4242 quedam
1338 4169 1476 4242 excepta
1499 4167 1576 4238 (sic)
1600 4163 1640 4224 de
1664 4163 1753 4236 libro,

352 4257 409 4332 qui
442 4259 577 4314 vocatur
609 4253 731 4312 Lumen
764 4255 882 4321 anime,
918 4254 950 4312 in
981 4267 1047 4329 quo
1083 4258 1249 4329 ponuntur
1279 4253 1383 4330 primo
1413 4250 1556 4330 capitula
1586 4266 1662 4312 cum
1687 4254 1756 4310 suis

355 4341 514 4418 exemplis
538 4340 656 4400 deinde
680 4339 831 4417 exempla
854 4353 911 4416 per
934 4336 1081 4398 ordinem
1105 4338 1297 4417 alphabeti«

463 4427 482 4488 1.
512 4422 567 4488 131
591 4426 802 4487 »Aristoteles
833 4429 865 4486 in
889 4423 1049 4486 Problem.
1073 4423 1182 4485 Homo
1206 4426 1333 4485 cibatus
1360 4427 1460 4486 levior
1482 4430 1549 4486 est«
1579 4427 1610 4480 Χ
1633 4423 1653 4484 i.
1679 4420 1758 4484 2261

358 4512 562 4594 ›Expliciunt
597 4517 757 4592 reportata
791 4511 832 4572 de
866 4511 956 4587 libro,
990 4515 1044 4588 qui
1076 4512 1265 4590 intytulatur
1299 4510 1423 4572 Lumen
1458 4515 1595 4573 anime«
1622 4511 1689 4572 Sed
1711 4528 1759 4572 re·

355 4619 434 4664 vera
455 4618 523 4663 non
547 4601 732 4679 expliciunt,
756 4599 816 4660 sed
841 4603 1072 4660 continuantur
1094 4615 1201 4676 usque
1219 4603 1249 4652 ><
1266 4597 1288 4658 1.
1312 4595 1393 4660 2981
1416 4601 1534 4672 (resecr.
1559 4602 1668 4673 mutii.)
1694 4601 1758 4658 »sic

356 4687 460 4750 Maria
483 4689 646 4766 languenti
671 4691 779 4748 anime
802 4689 911 4746 crisim
936 4684 1063 4746 coniert
1085 4685 1281 4746 valetudinis
1306 4689 1522 4764 sempiterne«
1549 4685 1681 4762 (Cetera
1704 4684 1760 4746 de·

356 4775 565 4854 siderentur.)

465 4881 611 4953 Operculo
642 4881 724 4936 inter.
754 4881 844 4951 adlig.
875 4887 920 4936 est
951 4880 1051 4950 fragm.
1083 4880 1202 4946 membr.
1235 4880 1348 4936 codicis
1386 4879 1543 4934 cuiusdam
1579 4879 1762 4936 medicinalis

357 4985 435 5028 saec.
459 4967 537 5027 XIV.
564 4969 656 5024 Vetus
680 4966 805 5038 signi,
831 4967 883 5022 21.

1036 5189 1087 5238 280
