3972 5958
903 555 965 616 487

443 763 582 823 Auserat
606 779 682 823 ecce
706 763 770 836 tibi,
795 764 902 838 lector,
927 764 967 824 de
991 763 1078 824 lonte
1102 764 1216 826 salutis

442 864 589 938 Munera,
615 874 767 946 perpetue
793 868 959 946 respondit
982 869 1056 929 hinc
1080 868 1133 929 tibi
1157 871 1250 946 vite«

343 953 362 1012 i.
388 953 425 1012 2α
447 958 554 1026 (rubr.)
581 952 712 1032 »incipit
741 958 958 1032 interpretatio
990 956 1243 1033 euangeliorum.
1268 958 1399 1030 (atram)
1422 955 1463 1016 Et
1485 973 1504 1016 a
1528 963 1632 1017 trans·

235 1042 425 1116 migratione
449 1039 640 1118 babylonis«
662 1043 692 1098 ><
713 1039 733 1102 l.
762 1039 838 1103 1102
864 1041 978 1102 »etad
1002 1045 1100 1102 vitam
1124 1047 1289 1102 aeternam
1315 1059 1498 1104 mereamur
1520 1061 1631 1122 perve-

235 1129 301 1184 nire
326 1129 356 1188 in
382 1128 493 1188 secula
517 1129 713 1188 seculorum.
738 1127 872 1188 Amen«

343 1247 375 1304 ln
400 1249 448 1306 iol.
472 1253 632 1323 praeligato
665 1267 749 1308 verso
781 1251 905 1307 occurrit
935 1253 982 1308 hic
1017 1251 1119 1309 titulus
1143 1267 1241 1320 manu,
1276 1259 1308 1307 ut
1332 1254 1454 1324 videtur,
1477 1257 1630 1310 recentiori

234 1345 346 1406 praeter
369 1353 427 1392 rem
451 1338 627 1410 inscriptus:
653 1337 828 1408 »Expositio
851 1338 1069 1409 evangeliorum
1085 1342 1114 1394 in
1127 1338 1322 1408 iohannem«,
1339 1341 1385 1395 cui
1403 1342 1514 1396 addidit
1526 1357 1631 1396 manus

235 1423 326 1478 multo
351 1425 509 1481 recentior:
537 1424 790 1482 »crisostomus«.
814 1424 846 1479 In
870 1427 974 1480 eodem
997 1425 1045 1481 iol.
1070 1425 1168 1482 antico
1191 1426 1313 1496 legitur:
1340 1426 1522 1484 »Cristomus
1545 1443 1633 1499 super

232 1509 366 1566 iohanne
390 1511 552 1568 sacerdotis
576 1510 649 1568 Petri
673 1513 709 1566 de
732 1511 886 1569 Poczatelr.
911 1511 963 1568 Pro
989 1512 1005 1566 2
1031 1512 1113 1568 tlon«
1139 1510 1172 1567 In
1188 1512 1326 1583 operculo
1342 1528 1438 1586 super.
1454 1517 1630 1570 intrinsecus

234 1599 305 1652 llaec
328 1607 399 1653 nota
421 1605 482 1654 est:
524 1597 598 1654 »Iste
630 1597 703 1656 liber
733 1605 777 1654 est
800 1605 915 1668 emptus
938 1614 956 1652 a
979 1600 1133 1655 sacerdote
1155 1599 1289 1654 Johanne
1322 1602 1357 1654 de
1380 1601 1557 1671 Rokyczana
1578 1617 1631 1673 pro

237 1684 273 1738 12
298 1701 360 1752 ga«
387 1683 468 1754 Sign.
493 1683 559 1744 coll.
585 1684 719 1742 Nationis
743 1685 816 1742 Βοὴ.
840 1685 865 1751 J,
894 1688 941 1742 16.

339 1903 425 1987 486
694 1905 764 1982 III.
792 1906 834 1982 E.
867 1906 926 1981 Il.
955 1921 999 1988 (r.
1018 1922 1039 1972 r.
1058 1923 1081 1974 2.
1102 1939 1126 1972 u.
1148 1925 1216 1986 ror.)

234 2063 420 2124 membran.
443 2080 529 2125 saec.
552 2061 626 2124 XII
638 2063 679 2144 ff.
702 2063 776 2138 151,
799 2064 842 2126 26
855 2063 975 2126 ><16·5
995 2081 1059 2126 cm.
1084 2065 1115 2126 d.
1138 2083 1182 2126 m.

338 2202 512 2264 iohannis
535 2201 671 2264 diaconi
693 2200 744 2265 De
760 2202 989 2277 institutione,
1012 2202 1094 2277 vita,
1118 2204 1275 2266 doctrina
1297 2205 1373 2266 sive
1397 2204 1576 2267 miraculis
1599 2205 1630 2268 b.

231 2289 390 2366 Gregorii
412 2289 548 2352 romani
572 2288 749 2366 pontificis
773 2287 851 2352 libri
872 2288 928 2351 1v.

341 2410 361 2471 l.
390 2411 423 2471 1¹
445 2414 553 2483 (rubr.)
580 2409 711 2489 »Incipit
744 2411 899 2490 prologus
923 2409 1081 2472 Johannis
1104 2411 1232 2472 diaconi
1263 2411 1305 2472 ad
1335 2411 1519 2473 iohannem
1543 2430 1631 2472 reve-

233 2499 464 2559 rendissimum
499 2504 612 2558 sancte
645 2499 827 2576 apostolice
850 2497 939 2559 sedis
963 2498 1150 2575 pontificem
1183 2497 1243 2558 de«
1269 2503 1344 2572 (etc.
1369 2503 1550 2577 utsupra).
1574 2498 1631 2560 Se-

231 2591 375 2664 quuntur
397 2600 531 2644 versus:
559 2582 717 2662 »Suscipe
752 2586 916 2645 romuleos
947 2591 1058 2662 pastor
1081 2585 1265 2646 venerande
1290 2586 1502 2664 triumphos«.
1603 2629 1607 2635 -

341 2705 361 2768 l.
391 2704 422 2766 lb
457 2705 671 2766 »Beatissimo
711 2722 750 2766 ac
782 2705 969 2767 felicissimo
993 2706 1023 2766 d.
1047 2704 1188 2767 Johanni
1212 2722 1238 2765 s.
1263 2705 1420 2784 catholice
1445 2713 1477 2766 et
1499 2711 1630 2784 aposto-

232 2799 291 2872 lice
316 2809 450 2872 romane
475 2794 611 2870 ecclesie
636 2794 757 2871 presuli
781 2792 948 2854 lohannes
978 2793 1110 2852 ultimus
1133 2793 1320 2852 levitarum«
1347 2793 1379 2848 ><
1404 2791 1424 2854 l.
1453 2789 1528 2854 151b
1556 2796 1631 2852 »mi-

232 2886 318 2943 nime
343 2881 527 2959 denegasse
550 2895 763 2957 cognoscar«

340 3005 484 3076 Operculo
519 3004 599 3060 inler.
633 3004 794 3074 adligatum
824 3009 868 3058 est
898 3002 998 3074 fragm.
1033 3005 1152 3062 membr.
1183 3006 1336 3059 cuiusdam
1369 3005 1480 3059 codicis
1503 3003 1628 3074 liturgici

232 3110 310 3150 saec.
334 3091 480 3150 XI-XII.
506 3092 536 3146 In
562 3093 730 3146 membrana
753 3090 913 3162 praeligata
934 3091 1007 3146 haec
1030 3097 1101 3146 nota
1116 3105 1194 3150 saec.
1217 3088 1272 3145 XV
1289 3091 1430 3146 occurrit:
1457 3090 1630 3159 »Regcstum

232 3184 293 3236 sire
316 3181 479 3250 Registrum
502 3181 530 3235 b.
555 3177 686 3248 Gregorii
709 3179 744 3233 dc
768 3177 955 3233 institucione
978 3180 1040 3233 vita
1070 3177 1203 3234 doctrina
1225 3179 1286 3232 sive
1310 3177 1458 3234 miraculis
1481 3177 1576 3249 ipsius
1600 3179 1628 3232 b.

232 3269 373 3338 Gregorii.
397 3265 482 3320 Liber
504 3267 558 3321 iste
582 3272 627 3320 est
649 3264 728 3335 Mag.
753 3263 893 3334 Symonis
915 3266 951 3319 de
974 3265 1181 3336 Roiryczana.«

336 3505 420 3587 487
700 3501 770 3578 III.
800 3504 842 3578 E.
870 3501 932 3579 12.
961 3519 1006 3582 tr.
1025 3519 1047 3570 1.
1065 3521 1089 3572 2.
1109 3535 1134 3574 n.
1154 3523 1224 3586 ros.)

231 3664 422 3727 rnernbrau.
444 3681 532 3726 saec.
556 3661 630 3724 XII
634 3663 681 3744 ff.
705 3664 778 3736 128,
801 3663 942 3725 25><17
966 3679 1029 3724 cm.
1054 3663 1085 3724 d.
1109 3681 1154 3724 m.

341 3803 372 3866 S.
397 3801 575 3866 Ambrosii
598 3801 873 3864 Mediolanensis
896 3801 1014 3880 Opera
1036 3807 1190 3882 quatuor:

340 3925 359 3986 l.
389 3923 508 3986 1-78ι
532 3923 551 3984 1.
576 3920 627 3985 De
650 3921 778 3985 officiis
801 3923 881 3985 libri
902 3930 986 3986 tres,
1014 3921 1104 3984 »Non
1128 3939 1285 4001 arrogans
1307 3921 1408 3982 videri
1430 3919 1583 3980 arbitror«
1599 3919 1631 3974 ><

231 4015 425 4162 c»ipetlujrlifm‘um
450 4013 670 4072 instructionis
694 4010 848 4072 conterat.
872 4012 987 4086 (rubr.)
1010 4009 1149 4088 Explicit
1170 4010 1249 4070 liber
1265 4013 1383 4070 tercius
1396 4007 1426 4068 b.
1443 4006 1482 4067 A.
1499 4024 1526 4067 e.
1544 4003 1630 4065 bled.

333 4221 353 4281 i.
379 4219 539 4280 yps-932
571 4217 605 4281 ΙΙ.
637 4218 818 4281 'tractatus
849 4218 891 4280 de
920 4216 1017 4280 Isaac
1047 4225 1083 4280 et
1117 4218 1242 4279 anima.
1277 4216 1329 4278 »ln
1365 4221 1454 4294 patre
1479 4214 1576 4274 nobis
1601 4229 1629 4272 s,

232 4308 356 4369 l'saac«
386 4311 416 4362 ><
443 4323 592 4366 »serrare
618 4306 714 4367 debet
737 4322 773 4366 se
797 4314 828 4366 et
850 4306 1043 4367 custodire«

340 4429 359 4490 l.
385 4429 569 4490 981-114·
593 4426 641 4489 lli.
664 4425 846 4488 Tractatus
869 4427 911 4488 de
934 4427 1028 4490 bono
1051 4427 1184 4490 mortis.
1212 4425 1392 4506 »Quoniam
1418 4422 1458 4483 de
1475 4425 1585 4483 anima
1599 4425 1632 4481 in

232 4521 397 4596 superiore
421 4515 519 4576 libro«
546 4515 578 4572 ><
604 4518 655 4575 »in
680 4517 791 4575 omnia
814 4515 926 4575 secula
948 4531 975 4575 s.
998 4515 1135 4576 Amen«

341 4639 361 4699 i.
390 4632 875 4698 114⁸-128b1V.Traetatus
906 4635 948 4697 de
977 4633 1148 4697 Nabuthe.
1183 4631 1351 4694 »Nabuthe
1384 4631 1531 4709 hystoria
1553 4635 1632 4690 tem·

232 4743 310 4805 pore
334 4730 431 4786 vetus
454 4729 523 4785 est«
552 4724 590 4799 ><
619 4725 735 4784 »etiam
760 4725 787 4782 si
811 4727 912 4802 pn'me
936 4723 1073 4800 laqueos
1090 4723 1352 4800 prevaricationis
1368 4723 1552 4779 evasemnt.
1568 4715 1633 4777 Ex·

232 4815 316 4891 plicit
340 4817 495 4874 tractatus
520 4827 545 4871 s.
571 4810 765 4870 Ambrosii«

341 4936 494 5008 Operculis
527 4935 711 5006 adglutinata
745 4939 815 4989 sunt
838 4932 999 5004 fragmenta
1021 4935 1181 4990 membran.
1205 4932 1359 4988 cuiusdam
1384 4929 1496 4986 codicis
1518 4928 1633 4984 iuridici

231 5041 310 5082 saec.
336 5022 510 5081 xii-xiii.
535 5022 628 5078 Vetus
652 5021 729 5092 sign.
754 5019 785 5088 F,
810 5022 838 5077 9.

274 5231 427 5288 immiti:
447 5245 500 5290 car.
516 5244 567 5286 coe.
583 5241 624 5286 rar.
913 5241 960 5290 193
1483 5235 1508 5278 rs
