4046 5972
1630 605 1675 662 Vll

271 811 378 892 Quem
402 814 549 876 codicem
573 819 622 875 vir
644 811 909 893 diligentissimus
932 813 958 876 J.
977 811 1112 878 Loserth
1135 831 1163 880 a.
1194 815 1275 878 1889
1297 819 1420 879 invenlt
1442 823 1474 879 et
1497 819 1559 880 sub
1584 820 1673 880 titulo

273 921 381 978 minus
405 921 491 978 iusto
517 915 602 980 »Der
624 919 738 980 alteste
763 915 900 999 Katalog
922 920 980 980 der
1002 917 1120 999 Preger
1142 913 1557 983 Universitiltsbibliothek«
1584 935 1674 984 sum-

272 1023 383 1082 matim
409 1019 527 1100 publici
551 1025 629 1083 iuris
653 1015 777 1098 iecit.¹¹)
815 1021 936 1086 Codice
966 1023 1029 1085 hoc
1052 1039 1119 1086 non
1142 1021 1298 1086 contineri
1336 1023 1549 1087 bibliothecae
1572 1029 1672 1088 totius

273 1123 491 1186 universitatis
515 1123 688 1204 Pragensis
721 1125 917 1206 catalogum,
952 1123 984 1189 ld
1008 1125 1097 1208 quod
1121 1126 1257 1190 Loserth
1292 1129 1412 1190 temere
1446 1125 1673 1202 affirmaverat,

273 1231 336 1290 iam
362 1225 442 1292 Rud.
466 1225 609 1292 Wolkan
640 1235 793 1310 exposuit
826 1233 859 1306 (i.
884 1247 912 1293 c.
935 1229 1002 1307 59),
1033 1229 1089 1312 qul
1114 1235 1222 1293 tamen
1247 1235 1279 1292 in
1305 1247 1428 1293 novum
1451 1245 1591 1294 errorem
1616 1232 1669 1294 de·

273 1331 386 1410 lapsus
420 1337 481 1408 est,
516 1346 589 1394 cum
626 1346 742 1396 omnes
773 1335 805 1396 in
828 1335 978 1414 catalogo
1002 1331 1199 1397 Rudnicensi
1236 1335 1409 1415 inscriptos
1443 1334 1541 1398 libros
1575 1341 1673 1398 unius

272 1435 397 1516 collegii
420 1436 569 1499 Nationls
593 1435 783 1500 bohemicae
806 1439 909 1500 luisse
934 1439 1174 1502 declaravisset,
1209 1435 1369 1520 Equidem
1392 1441 1424 1500 ln
1448 1439 1673 1518 disquisitione

274 1555 373 1618 supra
396 1545 576 1603 memorata
598 1547 797 1619 argumentis
820 1544 954 1605 edocui:
978 1541 1092 1604 codice
1116 1539 1314 1606 Rudnicensi
1334 1545 1490 1605 contineri
1506 1545 1674 1623 catalogos

273 1645 370 1722 111101,
404 1659 543 1724 quorum
578 1643 666 1706 alteri
700 1649 873 1726 inscriptos
908 1663 983 1708 esse
1018 1643 1117 1708 libros
1152 1643 1278 1726 collegii
1301 1639 1448 1709 Nationls
1472 1643 1673 1724 bohemicae,

273 1747 407 1809 alterum
432 1747 573 1809 eundem
597 1751 782 1810 vetustioris
805 1751 942 1829 catalogi
966 1763 1041 1812 esse
1064 1747 1290 1830 apographum
1310 1767 1339 1811 a.
1356 1745 1480 1813 circiter
1499 1749 1575 1813 1461
1597 1767 1671 1813 exa-

273 1859 388 1925 ratum,
412 1849 561 1930 catalogo
584 1857 694 1914 autem
719 1851 823 1932 priore
847 1855 947 1916 multo
963 1857 1141 1935 antiquiore
1157 1854 1387 1916 verisimillime
1402 1857 1559 1916 contineri
1575 1855 1673 1917 libros

272 1956 395 2032 collegii
419 1951 577 2033 Hedvigis
608 1959 748 2034 reginae,
783 1959 918 2036 collegia
954 1953 1139 2020 »Nationls«
1177 1964 1210 2019 et
1245 1951 1425 2038 »Reginae«
1462 1957 1618 2038 catalogis
1641 1963 1673 2020 in

273 2073 375 2120 unum
409 2058 564 2121 volumen
598 2057 791 2122 coadunatis
826 2062 959 2122 dimidio
993 2077 1080 2124 saec.
1105 2055 1174 2122 XV.
1200 2060 1428 2124 bibliothecam
1462 2073 1673 2124 communem

273 2161 438 2238 habuisse,
463 2177 561 2243 quam
586 2170 780 2226 sententiam
804 2163 922 2244 pallida
943 2166 1151 2244 inscriptione
1174 2171 1206 2228 in
1222 2167 1377 2246 operculo
1401 2169 1566 2245 superiore
1593 2161 1672 2227 »Na-

273 2271 368 2328 tionis
384 2266 604 2329 Bohemorum
622 2269 719 2329 studii
735 2268 906 2347 Pragensis
930 2271 1082 2348 registra«
1109 2275 1229 2349 optime
1253 2271 1391 2349 probari,
1415 2283 1489 2332 cum
1505 2271 1673 2348 catalogus

273 2375 382 2450 utique
405 2371 663 2450 comprehendat
685 2373 784 2434 libros
808 2374 999 2435 bohemicae
1022 2377 1172 2448 nationis,
1197 2375 1257 2436 scd
1281 2375 1420 2436 duorum
1444 2375 1593 2436 eiusdem
1610 2375 1673 2436 col-

273 2475 439 2553 legiorum.
485 2476 718 2538 Annotandum
754 2481 840 2538 enlm
871 2484 921 2539 est
944 2479 1128 2556 composito
1152 2478 1235 2539 bello
1259 2479 1408 2552 husitic0,
1443 2491 1519 2540 cum
1543 2484 1673 2540 exterae

273 2559 422 2640 nationes
446 2577 640 2641 haereticam
664 2585 907 2642 universitatem
931 2582 1222 2660 perhorrescerent,
1248 2583 1360 2643 omnia
1382 2583 1579 2644 scholarium
1607 2583 1673 2644 col·

273 2683 356 2760 legia
382 2679 546 2744 »Nationls
570 2684 778 2746 bohemicae«
804 2687 903 2763 vulgo
925 2687 1086 2764 appellata
1108 2701 1192 2748 esse.

381 2802 426 2866 Ut
448 2802 569 2866 docent
602 2801 787 2884 complures
823 2808 1063 2885 signaturamm
1087 2807 1223 2869 lacunae
1246 2805 1279 2868 in
1302 2805 1450 2886 catalogo
1477 2799 1672 2878 »Nationls«,

273 2909 335 2969 iam
360 2911 446 2969 circa
468 2923 497 2969 a.
527 2907 601 2972 1461
642 2912 731 2970 multi
766 2908 833 2971 libri
868 2911 943 2997 huic
978 2911 1192 2972 bibliothecae
1227 2911 1377 2984 deerant;
1410 2911 1619 2972 nihilominus
1641 2915 1674 2972 in

274 3009 390 3073 eodem
416 3009 551 3074 Loserth
580 3012 661 3075 1079
683 3013 816 3075 codices
840 3019 1050 3078 enumeravit.
1097 3013 1244 3096 Quorum
1270 3029 1389 3094 magna
1415 3029 1491 3094 pars
1513 3011 1546 3076 ln
1563 3015 1673 3076 biblio-

275 3117 370 3177 theca
393 3121 506 3177 nostra
529 3113 637 3178 adhuc
661 3125 850 3180 asservatur
871 3119 968 3197 (inter
981 3122 1062 3180 alios
1078 3118 1327 3199 antiquissimus
1344 3133 1430 3181 saec.
1448 3111 1537 3196 leX
1552 3123 1675 3197 integer

272 3221 379 3282 codex
402 3217 490 3294 485),
516 3222 575 3282 sed
599 3225 702 3283 maior
724 3227 907 3302 temporum
931 3225 1095 3303 iniquitate
1120 3227 1290 3303 perierunt,
1322 3239 1363 3283 ex
1387 3223 1505 3301 quibus
1529 3225 1674 3301 inprimis

273 3323 405 3385 codices
429 3325 510 3386 tertii
537 3324 756 3388 »abecedarii«
783 3325 951 3388 historiam
974 3331 1110 3406 patriam
1133 3325 1340 3400 illustrantes,
1364 3338 1449 3406 quos
1472 3331 1505 3388 in
1523 3322 1672 3403 disquisi-

273 3431 359 3489 tione
384 3445 457 3490 mea
480 3435 745 3503 commemoravi,
770 3430 917 3491 dolenter
939 3427 1172 3492 desiderantur.
1197 3427 1264 3492 Sed
1287 3429 1389 3492 multo
1411 3433 1591 3509 graviorem
1616 3427 1673 3490 lib-

273 3545 380 3593 rorum
415 3535 571 3594 iacturam
617 3529 825 3596 Lituanorum
863 3537 1034 3615 collegium
1068 3533 1159 3608 iecit;
1197 3548 1398 3616 quamquam
1433 3538 1518 3596 enim
1553 3532 1674 3614 allquot

273 3633 398 3698 diesin
422 3636 653 3717 comparandis
676 3635 829 3701 librorum
853 3643 923 3700 eius
955 3639 1053 3700 titulis
1076 3643 1279 3718 consumpsi,
1304 3644 1414 3700 tamen
1438 3638 1523 3699 duos
1547 3643 1672 3699 tantum

273 3745 364 3820 primi
398 3741 615 3803 »abecedarii«
642 3741 772 3803 codices
795 3747 827 3804 in
852 3745 980 3804 libraria
1010 3749 1122 3805 nostra
1145 3749 1233 3805 certo
1257 3747 1375 3823 agnovi
1399 3742 1452 3821 (D,
1470 3740 1622 3805 18:111.
1635 3740 1672 3802 E.

277 3844 310 3908 11
337 3852 369 3907 et
393 3841 431 3912 Ι).
446 3843 590 3908 20=V.
604 3847 642 3907 A.
656 3845 701 3922 3).
733 3845 892 3927 Quamvis
928 3845 1066 3908 dubitari
1089 3865 1156 3908 non
1179 3845 1294 3926 possit,
1329 3849 1407 3926 quin
1442 3847 1551 3925 plures
1585 3845 1673 3924 apud

272 3965 335 4012 nos
359 3955 534 4029 supersint,
569 3957 679 4012 tamen
713 3956 886 4031 praecipue
920 3954 1018 4013 huius
1045 3951 1168 4030 collegii
1198 3952 1308 4026 1111101,
1342 3967 1427 4030 quos
1461 3955 1494 4012 in
1524 3951 1673 4026 catalogo

273 4053 408 4117 Loserth
433 4054 494 4116 787
518 4059 730 4125 enumeravit,
745 4057 922 4134 permultos
936 4059 1070 4134 periisse
1094 4071 1152 4134 pro
1165 4063 1252 4117 certo
1276 4055 1453 4117 tenendum
1465 4060 1525 4116 est.
1539 4052 1673 4114 Aulere·

273 4159 390 4220 bantur
422 4165 531 4220 autem
564 4163 628 4220 iam
653 4175 739 4220 saec.
763 4157 823 4220 XV
847 4160 946 4231 multi,
976 4164 1013 4220 ut
1034 4165 1131 4220 notae
1155 4157 1187 4220 in
1210 4161 1360 4238 catalogo
1383 4162 1507 4240 passim
1543 4158 1673 4228 docent,

272 4271 428 4342 quantam
452 4262 603 4324 librorum
617 4261 923 4342 manuscriptorum
940 4267 1096 4325 incuriam
1109 4263 1289 4341 posteriora
1301 4267 1447 4342 tempora
1463 4261 1672 4334 ostenderint,

273 4367 411 4428 breviter
432 4363 515 4428 inira
538 4367 654 4428 dicam.

380 4457 437 4550 Ex*
454 4493 539 4550 notis
562 4490 759 4568 quibusdam
795 4488 919 4552 codicis
943 4489 1170 4564 Rudnicensis,
1205 4505 1289 4568 quae
1323 4488 1365 4548 ad
1389 4483 1551 4550 Redkonis
1578 4489 1672 4550 colle·

272 4591 360 4672 glum
386 4611 414 4654 a.
444 4591 525 4654 1439
548 4597 728 4654 institutum
760 4599 792 4654 et
821 4592 863 4654 ad
894 4595 1066 4654 ecclesiam
1091 4609 1118 4654 s.
1143 4591 1300 4672 Stephani
1337 4597 1388 4654 »in
1423 4605 1517 4654 muro
1540 4591 1673 4652 Maioris

375 4813 653 4892 1111111111111111113111
679 4824 706 4878 d.
732 4817 802 4878 Inst.
828 4819 846 4876 i.
872 4821 973 4881 iisterr.
998 4819 1103 4880 Gesch.
1128 4819 1178 4891 XI,
1204 4819 1385 4879 301-318.
1409 4817 1474 4893 Quo
1491 4821 1674 4878 commodius

272 4903 308 4978 is,
332 4909 381 4980 qui
405 4909 478 4964 haec
500 4909 621 4980 antiqua
644 4909 765 4980 registra
789 4907 948 4981 aliquando
972 4909 1083 4980 integra
1106 4909 1236 4966 editurus
1259 4916 1347 4978 esset,
1371 4908 1461 4965 libros
1483 4910 1673 4981 consignatos

273 5007 340 5051 cum
378 4995 530 5052 codicibus
554 4993 662 5051 nostris
686 4993 814 5052 conferre
837 5003 948 5068 posset,
971 4997 1095 5053 codibus
1118 4996 1188 5052 oiim
1212 4996 1401 5053 Clementinis
1432 4996 1558 5068 catalogi
1583 5001 1673 5052 nostri

272 5087 384 5138 veteres
408 5081 586 5154 signaturae,
623 5087 768 5155 quotquot
790 5090 971 5156 supererant,
995 5084 1125 5140 adiectae
1148 5091 1227 5143 sunt.
