<?xml version="1.0" encoding="UTF-8"?>
<!DOCTYPE html PUBLIC "-//W3C//DTD XHTML 1.0 Transitional//EN"
    "http://www.w3.org/TR/xhtml1/DTD/xhtml1-transitional.dtd">
<html xmlns="http://www.w3.org/1999/xhtml" xml:lang="en" lang="en">
 <head>
  <title>
</title>
<meta http-equiv="Content-Type" content="text/html;charset=utf-8" />
  <meta name='ocr-system' content='tesseract 3.04.00' />
  <meta name='ocr-capabilities' content='ocr_page ocr_carea ocr_par ocr_line ocrx_word'/>
</head>
<body>
  <div class='ocr_page' id='page_1' title='image "./cataloguscodicu02truhgoog_0235.png"; bbox 0 0 3972 5958; ppageno 0'>
   <div class='ocr_carea' id='block_1_1' title="bbox 1069 560 1133 622">
    <p class='ocr_par' dir='ltr' id='par_1_1' title="bbox 1069 560 1133 622">
     <span class='ocr_line' id='line_1_1' title="bbox 1069 560 1133 622; baseline -0.031 0"><span class='ocrx_word' id='word_1_1' title='bbox 1069 560 1133 622; x_wconf 79' lang='lat'>522</span> 
     </span>
    </p>
   </div>
   <div class='ocr_carea' id='block_1_2' title="bbox 398 768 1806 850">
    <p class='ocr_par' dir='ltr' id='par_1_2' title="bbox 398 768 1806 850">
     <span class='ocr_line' id='line_1_2' title="bbox 398 768 1806 850; baseline -0.005 -16"><span class='ocrx_word' id='word_1_2' title='bbox 398 791 495 834; x_wconf 89' lang='lat' dir='ltr'>nores</span> <span class='ocrx_word' id='word_1_3' title='bbox 518 773 609 833; x_wconf 84' lang='lat' dir='ltr'>finita</span> <span class='ocrx_word' id='word_1_4' title='bbox 633 790 689 850; x_wconf 94' lang='lat' dir='ltr'>per</span> <span class='ocrx_word' id='word_1_5' title='bbox 711 789 830 832; x_wconf 91' lang='lat' dir='ltr'>manus</span> <span class='ocrx_word' id='word_1_6' title='bbox 853 770 950 833; x_wconf 89' lang='lat' dir='ltr'>Pauli</span> <span class='ocrx_word' id='word_1_7' title='bbox 974 771 1015 832; x_wconf 88' lang='lat' dir='ltr'>de</span> <span class='ocrx_word' id='word_1_8' title='bbox 1038 770 1096 844; x_wconf 84' lang='lat' dir='ltr'>Py.</span> <span class='ocrx_word' id='word_1_9' title='bbox 1122 773 1198 838; x_wconf 85' lang='lat' dir='ltr'>(sic)</span> <span class='ocrx_word' id='word_1_10' title='bbox 1228 769 1284 830; x_wconf 88' lang='lat' dir='ltr'>ler.</span> <span class='ocrx_word' id='word_1_11' title='bbox 1319 768 1362 829; x_wconf 90' lang='lat' dir='ltr'>IV</span> <span class='ocrx_word' id='word_1_12' title='bbox 1396 778 1471 829; x_wconf 91' lang='lat' dir='ltr'>ante</span> <span class='ocrx_word' id='word_1_13' title='bbox 1505 772 1806 829; x_wconf 89' lang='lat' dir='ltr'>annunciacionem</span> 
     </span>
    </p>
   </div>
   <div class='ocr_carea' id='block_1_3' title="bbox 399 857 1802 1019">
    <p class='ocr_par' dir='ltr' id='par_1_3' title="bbox 399 857 1802 1019">
     <span class='ocr_line' id='line_1_3' title="bbox 399 857 1237 936; baseline -0.011 -16"><span class='ocrx_word' id='word_1_14' title='bbox 399 862 429 921; x_wconf 90' lang='lat' dir='ltr'>b.</span> <span class='ocrx_word' id='word_1_15' title='bbox 453 860 554 920; x_wconf 79' lang='lat' dir='ltr'>llarie</span> <span class='ocrx_word' id='word_1_16' title='bbox 579 860 694 920; x_wconf 89' lang='lat' dir='ltr'>suba.</span> <span class='ocrx_word' id='word_1_17' title='bbox 721 857 805 919; x_wconf 82' lang='lat'>1430</span> <span class='ocrx_word' id='word_1_18' title='bbox 827 862 1005 936; x_wconf 88' lang='lat' dir='ltr'>septesima</span> <span class='ocrx_word' id='word_1_19' title='bbox 1027 861 1104 931; x_wconf 83' lang='lat' dir='ltr'>(sic)</span> <span class='ocrx_word' id='word_1_20' title='bbox 1128 859 1237 918; x_wconf 76' lang='lat' dir='ltr'>hora«</span> 
     </span>
     <span class='ocr_line' id='line_1_4' title="bbox 501 941 1802 1019; baseline -0.006 -15"><span class='ocrx_word' id='word_1_21' title='bbox 501 949 654 1019; x_wconf 90' lang='lat' dir='ltr'>Operculis</span> <span class='ocrx_word' id='word_1_22' title='bbox 677 950 807 1019; x_wconf 86' lang='lat' dir='ltr'>adligata</span> <span class='ocrx_word' id='word_1_23' title='bbox 829 956 898 1003; x_wconf 92' lang='lat' dir='ltr'>sunt</span> <span class='ocrx_word' id='word_1_24' title='bbox 920 948 1081 1017; x_wconf 82' lang='lat' dir='ltr'>fragmenta</span> <span class='ocrx_word' id='word_1_25' title='bbox 1105 949 1262 1003; x_wconf 86' lang='lat' dir='ltr'>membran.</span> <span class='ocrx_word' id='word_1_26' title='bbox 1295 946 1452 1000; x_wconf 89' lang='lat' dir='ltr'>cuiusdam</span> <span class='ocrx_word' id='word_1_27' title='bbox 1476 947 1587 1000; x_wconf 86' lang='lat' dir='ltr'>codicis</span> <span class='ocrx_word' id='word_1_28' title='bbox 1612 959 1690 1000; x_wconf 87' lang='lat' dir='ltr'>saec.</span> <span class='ocrx_word' id='word_1_29' title='bbox 1715 941 1802 998; x_wconf 78' lang='lat' dir='ltr'>iit-x</span> 
     </span>
    </p>
   </div>
   <div class='ocr_carea' id='block_1_4' title="bbox 399 1037 622 1106">
    <p class='ocr_par' dir='ltr' id='par_1_4' title="bbox 399 1037 622 1106">
     <span class='ocr_line' id='line_1_5' title="bbox 399 1037 622 1106; baseline 0.009 -16"><span class='ocrx_word' id='word_1_30' title='bbox 399 1052 509 1106; x_wconf 85' lang='lat' dir='ltr'>argum.</span> <span class='ocrx_word' id='word_1_31' title='bbox 534 1037 622 1092; x_wconf 90' lang='lat' dir='ltr'>theol.</span> 
     </span>
    </p>
   </div>
   <div class='ocr_carea' id='block_1_5' title="bbox 503 1201 1341 1284">
    <p class='ocr_par' dir='ltr' id='par_1_5' title="bbox 503 1201 1341 1284">
     <span class='ocr_line' id='line_1_6' title="bbox 503 1201 1341 1284; baseline -0.024 0"><span class='ocrx_word' id='word_1_32' title='bbox 503 1203 581 1284; x_wconf 88' lang='grc'>522</span> <span class='ocrx_word' id='word_1_33' title='bbox 843 1201 915 1276; x_wconf 89' lang='lat' dir='ltr'>III.</span> <span class='ocrx_word' id='word_1_34' title='bbox 945 1202 984 1275; x_wconf 88' lang='lat' dir='ltr'>F.</span> <span class='ocrx_word' id='word_1_35' title='bbox 1013 1202 1074 1275; x_wconf 85' lang='lat'>19.</span> <span class='ocrx_word' id='word_1_36' title='bbox 1093 1216 1139 1280; x_wconf 84' lang='lat' dir='ltr'>(Y.</span> <span class='ocrx_word' id='word_1_37' title='bbox 1158 1216 1180 1267; x_wconf 85' lang='lat'>1.</span> <span class='ocrx_word' id='word_1_38' title='bbox 1199 1219 1222 1267; x_wconf 87' lang='lat'>1.</span> <span class='ocrx_word' id='word_1_39' title='bbox 1242 1232 1269 1267; x_wconf 80' lang='lat' dir='ltr'>n.</span> <span class='ocrx_word' id='word_1_40' title='bbox 1288 1217 1341 1282; x_wconf 70' lang='lat'>42.)</span> 
     </span>
    </p>
   </div>
   <div class='ocr_carea' id='block_1_6' title="bbox 398 1339 1351 1424">
    <p class='ocr_par' dir='ltr' id='par_1_6' title="bbox 398 1339 1351 1424">
     <span class='ocr_line' id='line_1_7' title="bbox 398 1339 1351 1424; baseline -0.007 -18"><span class='ocrx_word' id='word_1_41' title='bbox 398 1345 507 1406; x_wconf 80' lang='lat' dir='ltr'>clrarl.</span> <span class='ocrx_word' id='word_1_42' title='bbox 532 1362 564 1404; x_wconf 88' lang='lat' dir='ltr'>a.</span> <span class='ocrx_word' id='word_1_43' title='bbox 599 1341 695 1416; x_wconf 75' lang='lat'><em>1463,</em></span> <span class='ocrx_word' id='word_1_44' title='bbox 724 1342 764 1424; x_wconf 83' lang='lat' dir='ltr'>ff.</span> <span class='ocrx_word' id='word_1_45' title='bbox 796 1339 1280 1418; x_wconf 76' lang='lat' dir='ltr'>179u2uu.,22&gt;&lt;160m.1</span> <span class='ocrx_word' id='word_1_46' title='bbox 1305 1359 1351 1402; x_wconf 90' lang='lat' dir='ltr'>m.</span> 
     </span>
    </p>
   </div>
   <div class='ocr_carea' id='block_1_7' title="bbox 398 1457 1805 1884">
    <p class='ocr_par' dir='ltr' id='par_1_7' title="bbox 398 1457 1805 1884">
     <span class='ocr_line' id='line_1_8' title="bbox 506 1457 1805 1525; baseline -0.005 -1"><span class='ocrx_word' id='word_1_47' title='bbox 506 1463 525 1524; x_wconf 91' lang='grc'>1.</span> <span class='ocrx_word' id='word_1_48' title='bbox 555 1462 675 1523; x_wconf 41' lang='grc'><strong>14171</strong></span> <span class='ocrx_word' id='word_1_49' title='bbox 711 1462 743 1525; x_wconf 95' lang='lat' dir='ltr'>S.</span> <span class='ocrx_word' id='word_1_50' title='bbox 781 1461 975 1523; x_wconf 91' lang='lat' dir='ltr'>Hieronimi</span> <span class='ocrx_word' id='word_1_51' title='bbox 1012 1460 1115 1522; x_wconf 85' lang='lat' dir='ltr'>Liber</span> <span class='ocrx_word' id='word_1_52' title='bbox 1151 1461 1194 1520; x_wconf 89' lang='lat' dir='ltr'>de</span> <span class='ocrx_word' id='word_1_53' title='bbox 1227 1460 1429 1522; x_wconf 91' lang='lat' dir='ltr'>nominibus</span> <span class='ocrx_word' id='word_1_54' title='bbox 1466 1457 1640 1522; x_wconf 81' lang='lat' dir='ltr'>hebraicis</span> <span class='ocrx_word' id='word_1_55' title='bbox 1678 1473 1805 1519; x_wconf 86' lang='lat' dir='ltr'>sacrae</span> 
     </span>
     <span class='ocr_line' id='line_1_9' title="bbox 398 1546 1799 1628; baseline -0.006 -16"><span class='ocrx_word' id='word_1_56' title='bbox 398 1551 599 1628; x_wconf 86' lang='lat' dir='ltr'><strong>scripturae.</strong></span> <span class='ocrx_word' id='word_1_57' title='bbox 627 1551 715 1610; x_wconf 84' lang='lat' dir='ltr'>»Aaz</span> <span class='ocrx_word' id='word_1_58' title='bbox 739 1548 990 1627; x_wconf 87' lang='lat' dir='ltr'>apprehendens</span> <span class='ocrx_word' id='word_1_59' title='bbox 1013 1548 1064 1607; x_wconf 90' lang='lat' dir='ltr'>vel</span> <span class='ocrx_word' id='word_1_60' title='bbox 1087 1549 1323 1625; x_wconf 81' lang='lat' dir='ltr'>apprehensio«</span> <span class='ocrx_word' id='word_1_61' title='bbox 1360 1552 1390 1604; x_wconf 88' lang='grc'>&gt;&lt;</span> <span class='ocrx_word' id='word_1_62' title='bbox 1425 1546 1559 1607; x_wconf 85' lang='lat' dir='ltr'>»Zuzim</span> <span class='ocrx_word' id='word_1_63' title='bbox 1583 1547 1799 1606; x_wconf 84' lang='lat' dir='ltr'>consiliantes</span> 
     </span>
     <span class='ocr_line' id='line_1_10' title="bbox 398 1631 1803 1712; baseline -0.006 -14"><span class='ocrx_word' id='word_1_64' title='bbox 398 1655 457 1698; x_wconf 89' lang='lat' dir='ltr'>eos</span> <span class='ocrx_word' id='word_1_65' title='bbox 480 1638 531 1697; x_wconf 87' lang='lat' dir='ltr'>vel</span> <span class='ocrx_word' id='word_1_66' title='bbox 554 1637 779 1697; x_wconf 82' lang='lat' dir='ltr'>consiliatores</span> <span class='ocrx_word' id='word_1_67' title='bbox 803 1651 927 1695; x_wconf 89' lang='lat' dir='ltr'>eorum.</span> <span class='ocrx_word' id='word_1_68' title='bbox 961 1633 1147 1712; x_wconf 89' lang='lat' dir='ltr'>Expliciunt</span> <span class='ocrx_word' id='word_1_69' title='bbox 1180 1638 1466 1712; x_wconf 89' lang='lat' dir='ltr'>interpretaciones</span> <span class='ocrx_word' id='word_1_70' title='bbox 1502 1634 1531 1693; x_wconf 92' lang='lat' dir='ltr'>b.</span> <span class='ocrx_word' id='word_1_71' title='bbox 1563 1631 1718 1692; x_wconf 84' lang='lat' dir='ltr'>leronimi</span> <span class='ocrx_word' id='word_1_72' title='bbox 1742 1648 1803 1708; x_wconf 90' lang='lat' dir='ltr'>per</span> 
     </span>
     <span class='ocr_line' id='line_1_11' title="bbox 398 1717 1801 1784; baseline -0.006 0"><span class='ocrx_word' id='word_1_73' title='bbox 398 1741 516 1784; x_wconf 91' lang='lat' dir='ltr'>manus</span> <span class='ocrx_word' id='word_1_74' title='bbox 539 1723 677 1784; x_wconf 89' lang='lat' dir='ltr'>Andree</span> <span class='ocrx_word' id='word_1_75' title='bbox 700 1723 742 1784; x_wconf 88' lang='lat' dir='ltr'>de</span> <span class='ocrx_word' id='word_1_76' title='bbox 767 1720 976 1784; x_wconf 88' lang='lat' dir='ltr'>Cromierziz</span> <span class='ocrx_word' id='word_1_77' title='bbox 999 1720 1085 1781; x_wconf 86' lang='lat' dir='ltr'>alias</span> <span class='ocrx_word' id='word_1_78' title='bbox 1109 1722 1152 1782; x_wconf 93' lang='lat' dir='ltr'>de</span> <span class='ocrx_word' id='word_1_79' title='bbox 1175 1718 1356 1782; x_wconf 87' lang='lat' dir='ltr'>Costeiecz</span> <span class='ocrx_word' id='word_1_80' title='bbox 1385 1724 1421 1781; x_wconf 88' lang='lat' dir='ltr'>et</span> <span class='ocrx_word' id='word_1_81' title='bbox 1443 1722 1486 1781; x_wconf 89' lang='lat' dir='ltr'>de</span> <span class='ocrx_word' id='word_1_82' title='bbox 1509 1717 1660 1780; x_wconf 88' lang='lat' dir='ltr'>Smrziez</span> <span class='ocrx_word' id='word_1_83' title='bbox 1682 1719 1746 1777; x_wconf 91' lang='lat' dir='ltr'>sub</span> <span class='ocrx_word' id='word_1_84' title='bbox 1770 1735 1801 1776; x_wconf 92' lang='lat' dir='ltr'>a.</span> 
     </span>
     <span class='ocr_line' id='line_1_12' title="bbox 399 1807 1210 1884; baseline -0.004 -14"><span class='ocrx_word' id='word_1_85' title='bbox 399 1812 429 1870; x_wconf 93' lang='lat' dir='ltr'>d.</span> <span class='ocrx_word' id='word_1_86' title='bbox 457 1809 539 1871; x_wconf 83' lang='lat'>1463</span> <span class='ocrx_word' id='word_1_87' title='bbox 563 1815 593 1870; x_wconf 92' lang='lat' dir='ltr'>in</span> <span class='ocrx_word' id='word_1_88' title='bbox 618 1811 670 1870; x_wconf 91' lang='lat' dir='ltr'>illa</span> <span class='ocrx_word' id='word_1_89' title='bbox 692 1810 805 1869; x_wconf 91' lang='lat' dir='ltr'>sillaba</span> <span class='ocrx_word' id='word_1_90' title='bbox 828 1809 860 1868; x_wconf 93' lang='lat' dir='ltr'>bi</span> <span class='ocrx_word' id='word_1_91' title='bbox 884 1824 947 1884; x_wconf 90' lang='lat' dir='ltr'>que</span> <span class='ocrx_word' id='word_1_92' title='bbox 972 1812 1023 1867; x_wconf 89' lang='lat' dir='ltr'>sin</span> <span class='ocrx_word' id='word_1_93' title='bbox 1045 1808 1087 1867; x_wconf 89' lang='lat' dir='ltr'>ab</span> <span class='ocrx_word' id='word_1_94' title='bbox 1112 1807 1210 1867; x_wconf 88' lang='lat' dir='ltr'>don«</span> 
     </span>
    </p>
   </div>
   <div class='ocr_carea' id='block_1_8' title="bbox 397 1907 1802 2524">
    <p class='ocr_par' dir='ltr' id='par_1_8' title="bbox 397 1907 1801 2337">
     <span class='ocr_line' id='line_1_13' title="bbox 506 1907 1798 1984; baseline -0.006 -9"><span class='ocrx_word' id='word_1_95' title='bbox 506 1914 526 1975; x_wconf 96' lang='grc'>1.</span> <span class='ocrx_word' id='word_1_96' title='bbox 550 1909 734 1974; x_wconf 78' lang='grc'><strong>481-1791</strong></span> <span class='ocrx_word' id='word_1_97' title='bbox 757 1911 929 1975; x_wconf 82' lang='lat' dir='ltr'>iohannis</span> <span class='ocrx_word' id='word_1_98' title='bbox 952 1910 1161 1972; x_wconf 85' lang='lat' dir='ltr'>Marchesini</span> <span class='ocrx_word' id='word_1_99' title='bbox 1185 1909 1472 1971; x_wconf 85' lang='lat' dir='ltr'>Mammotrectus</span> <span class='ocrx_word' id='word_1_100' title='bbox 1496 1913 1541 1983; x_wconf 92' lang='lat' dir='ltr'>(in</span> <span class='ocrx_word' id='word_1_101' title='bbox 1558 1908 1622 1970; x_wconf 84' lang='lat' dir='ltr'>line</span> <span class='ocrx_word' id='word_1_102' title='bbox 1640 1907 1798 1984; x_wconf 88' lang='lat' dir='ltr'>mutilus).</span> 
     </span>
     <span class='ocr_line' id='line_1_14' title="bbox 399 1996 1800 2078; baseline -0.004 -19"><span class='ocrx_word' id='word_1_103' title='bbox 399 2005 506 2074; x_wconf 85' lang='lat' dir='ltr'>(rubr.)</span> <span class='ocrx_word' id='word_1_104' title='bbox 533 2001 662 2078; x_wconf 81' lang='lat' dir='ltr'>»Incipit</span> <span class='ocrx_word' id='word_1_105' title='bbox 684 2000 764 2060; x_wconf 92' lang='lat' dir='ltr'>liber</span> <span class='ocrx_word' id='word_1_106' title='bbox 785 2001 1022 2059; x_wconf 90' lang='lat' dir='ltr'>mammotracti</span> <span class='ocrx_word' id='word_1_107' title='bbox 1045 1997 1153 2057; x_wconf 89' lang='lat' dir='ltr'>editus</span> <span class='ocrx_word' id='word_1_108' title='bbox 1178 2013 1278 2074; x_wconf 88' lang='lat' dir='ltr'>super</span> <span class='ocrx_word' id='word_1_109' title='bbox 1299 2001 1545 2074; x_wconf 87' lang='lat' dir='ltr'>exposicionem</span> <span class='ocrx_word' id='word_1_110' title='bbox 1561 1996 1800 2056; x_wconf 91' lang='lat' dir='ltr'>vocabulorum</span> 
     </span>
     <span class='ocr_line' id='line_1_15' title="bbox 397 2081 1801 2164; baseline -0.005 -17"><span class='ocrx_word' id='word_1_111' title='bbox 397 2089 490 2148; x_wconf 89' lang='lat' dir='ltr'>bibile</span> <span class='ocrx_word' id='word_1_112' title='bbox 514 2093 545 2147; x_wconf 90' lang='lat' dir='ltr'>et</span> <span class='ocrx_word' id='word_1_113' title='bbox 567 2086 724 2164; x_wconf 86' lang='lat' dir='ltr'>legendas</span> <span class='ocrx_word' id='word_1_114' title='bbox 748 2093 936 2146; x_wconf 88' lang='lat' dir='ltr'>sanctorum</span> <span class='ocrx_word' id='word_1_115' title='bbox 952 2103 972 2143; x_wconf 90' lang='lat' dir='ltr'>a</span> <span class='ocrx_word' id='word_1_116' title='bbox 988 2083 1082 2144; x_wconf 88' lang='lat' dir='ltr'>iratre</span> <span class='ocrx_word' id='word_1_117' title='bbox 1106 2082 1327 2143; x_wconf 85' lang='lat' dir='ltr'>Marachismo</span> <span class='ocrx_word' id='word_1_118' title='bbox 1350 2087 1426 2157; x_wconf 89' lang='lat' dir='ltr'>(sic)</span> <span class='ocrx_word' id='word_1_119' title='bbox 1449 2084 1517 2143; x_wconf 92' lang='lat' dir='ltr'>ord.</span> <span class='ocrx_word' id='word_1_120' title='bbox 1541 2083 1611 2144; x_wconf 86' lang='lat' dir='ltr'>frat.</span> <span class='ocrx_word' id='word_1_121' title='bbox 1650 2086 1726 2142; x_wconf 94' lang='lat' dir='ltr'>min.</span> <span class='ocrx_word' id='word_1_122' title='bbox 1758 2081 1801 2140; x_wconf 91' lang='lat' dir='ltr'>de</span> 
     </span>
     <span class='ocr_line' id='line_1_16' title="bbox 398 2168 1796 2252; baseline -0.005 -18"><span class='ocrx_word' id='word_1_123' title='bbox 398 2179 524 2234; x_wconf 88' lang='lat' dir='ltr'>civitate</span> <span class='ocrx_word' id='word_1_124' title='bbox 556 2173 652 2252; x_wconf 86' lang='lat' dir='ltr'>Regii.</span> <span class='ocrx_word' id='word_1_125' title='bbox 692 2177 824 2247; x_wconf 89' lang='lat' dir='ltr'>(atram.)</span> <span class='ocrx_word' id='word_1_126' title='bbox 861 2172 1032 2249; x_wconf 84' lang='lat' dir='ltr'>inpaciens</span> <span class='ocrx_word' id='word_1_127' title='bbox 1067 2174 1193 2247; x_wconf 89' lang='lat' dir='ltr'>proprie</span> <span class='ocrx_word' id='word_1_128' title='bbox 1228 2174 1410 2247; x_wconf 78' lang='lat' dir='ltr'>impericia«</span> <span class='ocrx_word' id='word_1_129' title='bbox 1453 2168 1482 2233; x_wconf 85' lang='grc' dir='ltr'>Χ</span> <span class='ocrx_word' id='word_1_130' title='bbox 1521 2170 1577 2242; x_wconf 75' lang='lat' dir='ltr'>ide</span> <span class='ocrx_word' id='word_1_131' title='bbox 1614 2169 1796 2246; x_wconf 88' lang='lat' dir='ltr'>virginibus</span> 
     </span>
     <span class='ocr_line' id='line_1_17' title="bbox 398 2256 1556 2337; baseline -0.004 -17"><span class='ocrx_word' id='word_1_132' title='bbox 398 2277 508 2320; x_wconf 92' lang='lat' dir='ltr'>sermo</span> <span class='ocrx_word' id='word_1_133' title='bbox 532 2261 561 2320; x_wconf 90' lang='lat' dir='ltr'>b.</span> <span class='ocrx_word' id='word_1_134' title='bbox 586 2261 773 2337; x_wconf 84' lang='lat' dir='ltr'>Augustini)</span> <span class='ocrx_word' id='word_1_135' title='bbox 800 2257 961 2334; x_wconf 85' lang='lat' dir='ltr'>»Subripit</span> <span class='ocrx_word' id='word_1_136' title='bbox 984 2275 1036 2317; x_wconf 91' lang='lat' dir='ltr'>me</span> <span class='ocrx_word' id='word_1_137' title='bbox 1060 2273 1135 2317; x_wconf 88' lang='lat' dir='ltr'>cor«</span> <span class='ocrx_word' id='word_1_138' title='bbox 1161 2261 1283 2330; x_wconf 90' lang='lat' dir='ltr'>(cetera</span> <span class='ocrx_word' id='word_1_139' title='bbox 1306 2256 1556 2330; x_wconf 85' lang='lat' dir='ltr'>desiderantur).</span> 
     </span>
    </p>

    <p class='ocr_par' dir='ltr' id='par_1_9' title="bbox 398 2361 1802 2524">
     <span class='ocr_line' id='line_1_18' title="bbox 502 2361 1802 2438; baseline -0.005 -17"><span class='ocrx_word' id='word_1_140' title='bbox 502 2366 647 2438; x_wconf 89' lang='lat' dir='ltr'>Operculo</span> <span class='ocrx_word' id='word_1_141' title='bbox 670 2382 767 2437; x_wconf 88' lang='lat' dir='ltr'>super.</span> <span class='ocrx_word' id='word_1_142' title='bbox 791 2367 952 2435; x_wconf 87' lang='lat' dir='ltr'>adligatum</span> <span class='ocrx_word' id='word_1_143' title='bbox 976 2370 1020 2419; x_wconf 90' lang='lat' dir='ltr'>est</span> <span class='ocrx_word' id='word_1_144' title='bbox 1043 2365 1144 2433; x_wconf 82' lang='lat' dir='ltr'>fragm.</span> <span class='ocrx_word' id='word_1_145' title='bbox 1169 2366 1289 2422; x_wconf 88' lang='lat' dir='ltr'>membr.</span> <span class='ocrx_word' id='word_1_146' title='bbox 1314 2363 1426 2418; x_wconf 88' lang='lat' dir='ltr'>codicis</span> <span class='ocrx_word' id='word_1_147' title='bbox 1450 2379 1527 2418; x_wconf 89' lang='lat' dir='ltr'>saec.</span> <span class='ocrx_word' id='word_1_148' title='bbox 1551 2361 1631 2430; x_wconf 90' lang='lat' dir='ltr'><strong>XIV,</strong></span> <span class='ocrx_word' id='word_1_149' title='bbox 1666 2377 1725 2432; x_wconf 91' lang='lat' dir='ltr'>quo</span> <span class='ocrx_word' id='word_1_150' title='bbox 1749 2363 1802 2415; x_wconf 87' lang='lat' dir='ltr'>ad-</span> 
     </span>
     <span class='ocr_line' id='line_1_19' title="bbox 398 2457 901 2524; baseline -0.006 -16"><span class='ocrx_word' id='word_1_151' title='bbox 398 2457 491 2508; x_wconf 89' lang='lat' dir='ltr'>oratio</span> <span class='ocrx_word' id='word_1_152' title='bbox 515 2457 675 2524; x_wconf 84' lang='lat' dir='ltr'>imaginum</span> <span class='ocrx_word' id='word_1_153' title='bbox 703 2458 901 2524; x_wconf 82' lang='lat' dir='ltr'>pertractatur.</span> 
     </span>
    </p>
   </div>
   <div class='ocr_carea' id='block_1_9' title="bbox 502 2618 1343 2701">
    <p class='ocr_par' dir='ltr' id='par_1_10' title="bbox 502 2618 1343 2701">
     <span class='ocr_line' id='line_1_20' title="bbox 502 2618 1343 2701; baseline -0.021 0"><span class='ocrx_word' id='word_1_154' title='bbox 502 2620 583 2701; x_wconf 84' lang='lat'>523</span> <span class='ocrx_word' id='word_1_155' title='bbox 844 2618 916 2694; x_wconf 86' lang='lat' dir='ltr'>III.</span> <span class='ocrx_word' id='word_1_156' title='bbox 944 2618 985 2692; x_wconf 89' lang='lat' dir='ltr'>F.</span> <span class='ocrx_word' id='word_1_157' title='bbox 1013 2619 1077 2694; x_wconf 81' lang='lat'>20.</span> <span class='ocrx_word' id='word_1_158' title='bbox 1096 2633 1181 2698; x_wconf 84' lang='lat' dir='ltr'>(Y.1.</span> <span class='ocrx_word' id='word_1_159' title='bbox 1202 2639 1225 2685; x_wconf 84' lang='lat' dir='ltr'>r.</span> <span class='ocrx_word' id='word_1_160' title='bbox 1244 2650 1269 2685; x_wconf 82' lang='lat' dir='ltr'>n.</span> <span class='ocrx_word' id='word_1_161' title='bbox 1287 2635 1343 2696; x_wconf 74' lang='lat' dir='ltr'>aa)</span> 
     </span>
    </p>
   </div>
   <div class='ocr_carea' id='block_1_10' title="bbox 397 2758 1798 2961">
    <p class='ocr_par' dir='ltr' id='par_1_11' title="bbox 397 2758 1798 2961">
     <span class='ocr_line' id='line_1_21' title="bbox 397 2758 1301 2841; baseline -0.006 -18"><span class='ocrx_word' id='word_1_162' title='bbox 397 2764 506 2823; x_wconf 74' lang='lat' dir='ltr'>citari.</span> <span class='ocrx_word' id='word_1_163' title='bbox 529 2779 616 2823; x_wconf 84' lang='lat' dir='ltr'>saec.</span> <span class='ocrx_word' id='word_1_164' title='bbox 639 2759 708 2822; x_wconf 88' lang='lat' dir='ltr'>XV</span> <span class='ocrx_word' id='word_1_165' title='bbox 716 2759 762 2841; x_wconf 89' lang='lat' dir='ltr'>ff.</span> <span class='ocrx_word' id='word_1_166' title='bbox 787 2761 861 2833; x_wconf 83' lang='lat'><em>191,</em></span> <span class='ocrx_word' id='word_1_167' title='bbox 882 2759 958 2820; x_wconf 78' lang='grc'>215</span> <span class='ocrx_word' id='word_1_168' title='bbox 971 2758 1093 2820; x_wconf 80' lang='lat'><em>&gt;&lt;15·5</em></span> <span class='ocrx_word' id='word_1_169' title='bbox 1113 2776 1177 2821; x_wconf 89' lang='lat' dir='ltr'>cm.</span> <span class='ocrx_word' id='word_1_170' title='bbox 1200 2759 1232 2819; x_wconf 85' lang='lat' dir='ltr'>d.</span> <span class='ocrx_word' id='word_1_171' title='bbox 1256 2776 1301 2818; x_wconf 90' lang='lat' dir='ltr'>m.</span> 
     </span>
     <span class='ocr_line' id='line_1_22' title="bbox 397 2876 1798 2961; baseline -0.006 -16"><span class='ocrx_word' id='word_1_172' title='bbox 397 2883 574 2961; x_wconf 86' lang='lat' dir='ltr'>(Doctoris</span> <span class='ocrx_word' id='word_1_173' title='bbox 610 2881 800 2959; x_wconf 87' lang='lat' dir='ltr'>evangelici</span> <span class='ocrx_word' id='word_1_174' title='bbox 832 2879 1007 2942; x_wconf 81' lang='lat' dir='ltr'>iohannis</span> <span class='ocrx_word' id='word_1_175' title='bbox 1040 2877 1196 2955; x_wconf 77' lang='lat' dir='ltr'>Wiciifi)</span> <span class='ocrx_word' id='word_1_176' title='bbox 1226 2877 1411 2954; x_wconf 88' lang='lat' dir='ltr'>Expositio</span> <span class='ocrx_word' id='word_1_177' title='bbox 1451 2876 1712 2956; x_wconf 84' lang='lat' dir='ltr'>evangeliorum</span> <span class='ocrx_word' id='word_1_178' title='bbox 1748 2892 1798 2937; x_wconf 91' lang='lat' dir='ltr'>ss.</span> 
     </span>
    </p>
   </div>
   <div class='ocr_carea' id='block_1_11' title="bbox 836 2964 1359 3041">
    <p class='ocr_par' dir='ltr' id='par_1_12' title="bbox 836 2964 1359 3041">
     <span class='ocr_line' id='line_1_23' title="bbox 836 2964 1359 3041; baseline -0.004 -14"><span class='ocrx_word' id='word_1_179' title='bbox 836 2965 1013 3041; x_wconf 83' lang='lat' dir='ltr'>Matthaei,</span> <span class='ocrx_word' id='word_1_180' title='bbox 1035 2964 1153 3040; x_wconf 87' lang='lat' dir='ltr'>Marci,</span> <span class='ocrx_word' id='word_1_181' title='bbox 1176 2965 1359 3026; x_wconf 88' lang='lat' dir='ltr'>Johannis.</span> 
     </span>
    </p>
   </div>
   <div class='ocr_carea' id='block_1_12' title="bbox 397 3067 1805 3409">
    <p class='ocr_par' dir='ltr' id='par_1_13' title="bbox 397 3067 1805 3409">
     <span class='ocr_line' id='line_1_24' title="bbox 483 3067 1797 3146; baseline -0.005 -13"><span class='ocrx_word' id='word_1_182' title='bbox 483 3073 504 3133; x_wconf 87' lang='grc'>1.</span> <span class='ocrx_word' id='word_1_183' title='bbox 532 3074 563 3132; x_wconf 80' lang='lat' dir='ltr'>1a</span> <span class='ocrx_word' id='word_1_184' title='bbox 588 3073 745 3146; x_wconf 85' lang='lat' dir='ltr'>(anepigr.)</span> <span class='ocrx_word' id='word_1_185' title='bbox 771 3068 906 3131; x_wconf 85' lang='lat' dir='ltr'>»Utrum</span> <span class='ocrx_word' id='word_1_186' title='bbox 930 3072 1114 3130; x_wconf 89' lang='lat' dir='ltr'>incamacio</span> <span class='ocrx_word' id='word_1_187' title='bbox 1138 3069 1226 3129; x_wconf 88' lang='lat' dir='ltr'>verbi</span> <span class='ocrx_word' id='word_1_188' title='bbox 1250 3075 1301 3128; x_wconf 90' lang='lat' dir='ltr'>est</span> <span class='ocrx_word' id='word_1_189' title='bbox 1324 3068 1574 3146; x_wconf 79' lang='lat' dir='ltr'>cognoscibilis«</span> <span class='ocrx_word' id='word_1_190' title='bbox 1590 3067 1660 3128; x_wconf 91' lang='grc'><strong>&gt;&lt;1.</strong></span> <span class='ocrx_word' id='word_1_191' title='bbox 1678 3067 1715 3127; x_wconf 93' lang='grc'>31</span> <span class='ocrx_word' id='word_1_192' title='bbox 1736 3067 1797 3126; x_wconf 87' lang='lat' dir='ltr'>»ad</span> 
     </span>
     <span class='ocr_line' id='line_1_25' title="bbox 397 3149 1805 3238; baseline -0.006 -17"><span class='ocrx_word' id='word_1_193' title='bbox 397 3159 600 3237; x_wconf 90' lang='lat' dir='ltr'>dirigendum</span> <span class='ocrx_word' id='word_1_194' title='bbox 624 3158 799 3238; x_wconf 89' lang='lat' dir='ltr'>quemlibet</span> <span class='ocrx_word' id='word_1_195' title='bbox 821 3161 998 3220; x_wconf 87' lang='lat' dir='ltr'>viatorem..</span> <span class='ocrx_word' id='word_1_196' title='bbox 1034 3155 1124 3216; x_wconf 89' lang='lat' dir='ltr'>Patet</span> <span class='ocrx_word' id='word_1_197' title='bbox 1158 3159 1221 3215; x_wconf 87' lang='lat' dir='ltr'>ista</span> <span class='ocrx_word' id='word_1_198' title='bbox 1252 3159 1420 3216; x_wconf 89' lang='lat' dir='ltr'>sentencia</span> <span class='ocrx_word' id='word_1_199' title='bbox 1455 3149 1491 3214; x_wconf 81' lang='lat'>4⁰</span> <span class='ocrx_word' id='word_1_200' title='bbox 1522 3155 1645 3231; x_wconf 89' lang='lat' dir='ltr'>triaiogi</span> <span class='ocrx_word' id='word_1_201' title='bbox 1669 3152 1805 3214; x_wconf 79' lang='lat' dir='ltr'>Wicleli</span> 
     </span>
     <span class='ocr_line' id='line_1_26' title="bbox 397 3242 1797 3324; baseline -0.004 -18"><span class='ocrx_word' id='word_1_202' title='bbox 397 3264 467 3324; x_wconf 90' lang='lat' dir='ltr'>cap.</span> <span class='ocrx_word' id='word_1_203' title='bbox 492 3246 553 3307; x_wconf 79' lang='lat'>20«</span> <span class='ocrx_word' id='word_1_204' title='bbox 581 3280 618 3288; x_wconf 93' lang='lat'><em>-</em></span> <span class='ocrx_word' id='word_1_205' title='bbox 647 3244 845 3323; x_wconf 75' lang='lat' dir='ltr'>»[lll]atheus</span> <span class='ocrx_word' id='word_1_206' title='bbox 880 3262 919 3303; x_wconf 87' lang='lat' dir='ltr'>ex</span> <span class='ocrx_word' id='word_1_207' title='bbox 952 3242 1058 3302; x_wconf 90' lang='lat' dir='ltr'>Judea</span> <span class='ocrx_word' id='word_1_208' title='bbox 1091 3245 1176 3302; x_wconf 91' lang='lat' dir='ltr'>sicut</span> <span class='ocrx_word' id='word_1_209' title='bbox 1210 3246 1242 3302; x_wconf 93' lang='lat' dir='ltr'>in</span> <span class='ocrx_word' id='word_1_210' title='bbox 1277 3242 1390 3302; x_wconf 87' lang='lat' dir='ltr'>ordine</span> <span class='ocrx_word' id='word_1_211' title='bbox 1426 3245 1550 3318; x_wconf 91' lang='lat' dir='ltr'>primus</span> <span class='ocrx_word' id='word_1_212' title='bbox 1588 3245 1735 3318; x_wconf 81' lang='lat' dir='ltr'>ponitur«</span> <span class='ocrx_word' id='word_1_213' title='bbox 1766 3243 1797 3294; x_wconf 50' lang='lat' dir='ltr'>&gt;x</span> 
     </span>
     <span class='ocr_line' id='line_1_27' title="bbox 397 3329 1532 3409; baseline -0.004 -16"><span class='ocrx_word' id='word_1_214' title='bbox 397 3333 418 3393; x_wconf 87' lang='grc'>1.</span> <span class='ocrx_word' id='word_1_215' title='bbox 447 3333 526 3393; x_wconf 88' lang='grc'><strong>1871</strong></span> <span class='ocrx_word' id='word_1_216' title='bbox 549 3339 599 3393; x_wconf 86' lang='lat' dir='ltr'>»et</span> <span class='ocrx_word' id='word_1_217' title='bbox 622 3348 752 3409; x_wconf 89' lang='lat' dir='ltr'>semper</span> <span class='ocrx_word' id='word_1_218' title='bbox 775 3337 920 3391; x_wconf 87' lang='lat' dir='ltr'>remanet</span> <span class='ocrx_word' id='word_1_219' title='bbox 942 3329 1178 3408; x_wconf 90' lang='lat' dir='ltr'>quantumlibet</span> <span class='ocrx_word' id='word_1_220' title='bbox 1202 3329 1426 3406; x_wconf 90' lang='lat' dir='ltr'>postilandum</span> <span class='ocrx_word' id='word_1_221' title='bbox 1452 3334 1532 3388; x_wconf 78' lang='lat' dir='ltr'>etc«</span> 
     </span>
    </p>
   </div>
   <div class='ocr_carea' id='block_1_13' title="bbox 484 3431 1571 3510">
    <p class='ocr_par' dir='ltr' id='par_1_14' title="bbox 484 3431 1571 3510">
     <span class='ocr_line' id='line_1_28' title="bbox 484 3431 1571 3510; baseline -0.005 -13"><span class='ocrx_word' id='word_1_222' title='bbox 484 3437 504 3498; x_wconf 88' lang='grc'>1.</span> <span class='ocrx_word' id='word_1_223' title='bbox 532 3431 711 3497; x_wconf 67' lang='lat' dir='ltr'>rath-191</span> <span class='ocrx_word' id='word_1_224' title='bbox 739 3434 840 3496; x_wconf 92' lang='lat' dir='ltr'>lndex</span> <span class='ocrx_word' id='word_1_225' title='bbox 864 3450 970 3493; x_wconf 89' lang='lat' dir='ltr'>rerum</span> <span class='ocrx_word' id='word_1_226' title='bbox 993 3433 1219 3510; x_wconf 89' lang='lat' dir='ltr'>alphabeticus</span> <span class='ocrx_word' id='word_1_227' title='bbox 1243 3449 1357 3493; x_wconf 88' lang='lat' dir='ltr'>sacrae</span> <span class='ocrx_word' id='word_1_228' title='bbox 1381 3436 1571 3510; x_wconf 86' lang='lat' dir='ltr'>scripturae.</span> 
     </span>
    </p>
   </div>
   <div class='ocr_carea' id='block_1_14' title="bbox 397 3539 1800 3788">
    <p class='ocr_par' dir='ltr' id='par_1_15' title="bbox 397 3539 1800 3788">
     <span class='ocr_line' id='line_1_29' title="bbox 501 3539 1799 3614; baseline -0.002 -16"><span class='ocrx_word' id='word_1_229' title='bbox 501 3543 653 3614; x_wconf 88' lang='lat' dir='ltr'>Opercnlis</span> <span class='ocrx_word' id='word_1_230' title='bbox 687 3543 817 3613; x_wconf 86' lang='lat' dir='ltr'>adligata</span> <span class='ocrx_word' id='word_1_231' title='bbox 850 3547 919 3596; x_wconf 90' lang='lat' dir='ltr'>sunt</span> <span class='ocrx_word' id='word_1_232' title='bbox 953 3541 1114 3610; x_wconf 80' lang='lat' dir='ltr'>fragmenta</span> <span class='ocrx_word' id='word_1_233' title='bbox 1148 3541 1309 3594; x_wconf 87' lang='lat' dir='ltr'>membran.</span> <span class='ocrx_word' id='word_1_234' title='bbox 1344 3541 1499 3595; x_wconf 86' lang='lat' dir='ltr'>cuiusdam</span> <span class='ocrx_word' id='word_1_235' title='bbox 1530 3540 1642 3594; x_wconf 90' lang='lat' dir='ltr'>codicis</span> <span class='ocrx_word' id='word_1_236' title='bbox 1665 3539 1799 3608; x_wconf 88' lang='lat' dir='ltr'>theolog.</span> 
     </span>
     <span class='ocr_line' id='line_1_30' title="bbox 397 3624 1800 3699; baseline -0.005 -13"><span class='ocrx_word' id='word_1_237' title='bbox 397 3647 475 3688; x_wconf 87' lang='lat' dir='ltr'>saec.</span> <span class='ocrx_word' id='word_1_238' title='bbox 498 3629 575 3686; x_wconf 90' lang='lat' dir='ltr'>Xlii.</span> <span class='ocrx_word' id='word_1_239' title='bbox 598 3630 632 3684; x_wconf 89' lang='lat' dir='ltr'>ln</span> <span class='ocrx_word' id='word_1_240' title='bbox 655 3632 785 3699; x_wconf 87' lang='lat' dir='ltr'>margine</span> <span class='ocrx_word' id='word_1_241' title='bbox 807 3628 966 3699; x_wconf 88' lang='lat' dir='ltr'>superioris</span> <span class='ocrx_word' id='word_1_242' title='bbox 991 3643 1079 3682; x_wconf 89' lang='lat' dir='ltr'>manu</span> <span class='ocrx_word' id='word_1_243' title='bbox 1104 3641 1182 3682; x_wconf 88' lang='lat' dir='ltr'>saec.</span> <span class='ocrx_word' id='word_1_244' title='bbox 1205 3624 1261 3680; x_wconf 94' lang='lat' dir='ltr'>XV</span> <span class='ocrx_word' id='word_1_245' title='bbox 1284 3629 1378 3681; x_wconf 84' lang='lat' dir='ltr'>codex</span> <span class='ocrx_word' id='word_1_246' title='bbox 1395 3626 1439 3681; x_wconf 86' lang='lat' dir='ltr'>sic</span> <span class='ocrx_word' id='word_1_247' title='bbox 1462 3626 1642 3682; x_wconf 85' lang='lat' dir='ltr'>intitulatur:</span> <span class='ocrx_word' id='word_1_248' title='bbox 1670 3625 1800 3680; x_wconf 80' lang='lat' dir='ltr'>»Doctor</span> 
     </span>
     <span class='ocr_line' id='line_1_31' title="bbox 397 3711 1799 3788; baseline -0.005 -15"><span class='ocrx_word' id='word_1_249' title='bbox 397 3719 584 3788; x_wconf 86' lang='lat' dir='ltr'>evangelicus</span> <span class='ocrx_word' id='word_1_250' title='bbox 608 3732 695 3788; x_wconf 87' lang='lat' dir='ltr'>super</span> <span class='ocrx_word' id='word_1_251' title='bbox 718 3731 820 3770; x_wconf 90' lang='lat' dir='ltr'>omnes</span> <span class='ocrx_word' id='word_1_252' title='bbox 843 3715 1071 3785; x_wconf 84' lang='lat' dir='ltr'>evangelistas«.</span> <span class='ocrx_word' id='word_1_253' title='bbox 1119 3713 1177 3767; x_wconf 88' lang='lat' dir='ltr'>Sed</span> <span class='ocrx_word' id='word_1_254' title='bbox 1200 3712 1297 3768; x_wconf 88' lang='lat' dir='ltr'>Lucas</span> <span class='ocrx_word' id='word_1_255' title='bbox 1319 3714 1510 3770; x_wconf 86' lang='lat' dir='ltr'>desideratur.</span> <span class='ocrx_word' id='word_1_256' title='bbox 1556 3712 1603 3766; x_wconf 86' lang='lat' dir='ltr'>An</span> <span class='ocrx_word' id='word_1_257' title='bbox 1627 3711 1737 3766; x_wconf 82' lang='lat' dir='ltr'>Wicliti</span> <span class='ocrx_word' id='word_1_258' title='bbox 1762 3715 1799 3766; x_wconf 85' lang='lat' dir='ltr'>sit</span> 
     </span>
    </p>
   </div>
   <div class='ocr_carea' id='block_1_15' title="bbox 397 3803 942 3876">
    <p class='ocr_par' dir='ltr' id='par_1_16' title="bbox 397 3803 942 3876">
     <span class='ocr_line' id='line_1_32' title="bbox 397 3803 942 3876; baseline -0.007 -16"><span class='ocrx_word' id='word_1_259' title='bbox 397 3806 454 3862; x_wconf 90' lang='lat' dir='ltr'>hoc</span> <span class='ocrx_word' id='word_1_260' title='bbox 478 3821 564 3876; x_wconf 91' lang='lat' dir='ltr'>opus,</span> <span class='ocrx_word' id='word_1_261' title='bbox 592 3805 718 3858; x_wconf 87' lang='lat' dir='ltr'>maxime</span> <span class='ocrx_word' id='word_1_262' title='bbox 742 3803 863 3857; x_wconf 89' lang='lat' dir='ltr'>dubium</span> <span class='ocrx_word' id='word_1_263' title='bbox 888 3809 942 3856; x_wconf 89' lang='lat' dir='ltr'>est.</span> 
     </span>
    </p>
   </div>
   <div class='ocr_carea' id='block_1_16' title="bbox 500 3985 1353 4069">
    <p class='ocr_par' dir='ltr' id='par_1_17' title="bbox 500 3985 1353 4069">
     <span class='ocr_line' id='line_1_33' title="bbox 500 3985 1353 4069; baseline -0.021 0"><span class='ocrx_word' id='word_1_264' title='bbox 500 3988 585 4069; x_wconf 83' lang='lat'>524</span> <span class='ocrx_word' id='word_1_265' title='bbox 843 3985 915 4062; x_wconf 86' lang='lat' dir='ltr'>III.</span> <span class='ocrx_word' id='word_1_266' title='bbox 943 3987 984 4061; x_wconf 88' lang='lat' dir='ltr'>F.</span> <span class='ocrx_word' id='word_1_267' title='bbox 1011 3985 1073 4060; x_wconf 80' lang='lat'>21.</span> <span class='ocrx_word' id='word_1_268' title='bbox 1102 4001 1148 4066; x_wconf 73' lang='lat' dir='ltr'>(x.</span> <span class='ocrx_word' id='word_1_269' title='bbox 1167 4000 1189 4052; x_wconf 84' lang='lat'>1.</span> <span class='ocrx_word' id='word_1_270' title='bbox 1210 4003 1234 4052; x_wconf 88' lang='lat'>1.</span> <span class='ocrx_word' id='word_1_271' title='bbox 1253 4016 1279 4050; x_wconf 79' lang='lat' dir='ltr'>n.</span> <span class='ocrx_word' id='word_1_272' title='bbox 1299 4002 1353 4066; x_wconf 79' lang='lat' dir='ltr'>ra)</span> 
     </span>
    </p>
   </div>
   <div class='ocr_carea' id='block_1_17' title="bbox 397 4127 1277 4208">
    <p class='ocr_par' dir='ltr' id='par_1_18' title="bbox 397 4127 1277 4208">
     <span class='ocr_line' id='line_1_34' title="bbox 397 4127 1277 4208; baseline -0.006 -16"><span class='ocrx_word' id='word_1_273' title='bbox 397 4132 506 4193; x_wconf 80' lang='lat' dir='ltr'>chari.</span> <span class='ocrx_word' id='word_1_274' title='bbox 530 4147 617 4192; x_wconf 83' lang='lat' dir='ltr'>saec.</span> <span class='ocrx_word' id='word_1_275' title='bbox 641 4128 710 4191; x_wconf 88' lang='lat' dir='ltr'>XV</span> <span class='ocrx_word' id='word_1_276' title='bbox 720 4127 769 4208; x_wconf 90' lang='lat' dir='ltr'>ss.</span> <span class='ocrx_word' id='word_1_277' title='bbox 792 4130 867 4203; x_wconf 83' lang='lat'><em>155,</em></span> <span class='ocrx_word' id='word_1_278' title='bbox 891 4128 1151 4190; x_wconf 74' lang='lat' dir='ltr'>21·5&gt;&lt;160m.</span> <span class='ocrx_word' id='word_1_279' title='bbox 1176 4127 1209 4188; x_wconf 88' lang='lat' dir='ltr'>d.</span> <span class='ocrx_word' id='word_1_280' title='bbox 1234 4145 1277 4188; x_wconf 91' lang='lat' dir='ltr'>m.</span> 
     </span>
    </p>
   </div>
   <div class='ocr_carea' id='block_1_18' title="bbox 397 4245 1802 4589">
    <p class='ocr_par' dir='ltr' id='par_1_19' title="bbox 397 4245 1800 4329">
     <span class='ocr_line' id='line_1_35' title="bbox 397 4245 1800 4329; baseline -0.006 -14"><span class='ocrx_word' id='word_1_281' title='bbox 397 4253 544 4314; x_wconf 89' lang='lat' dir='ltr'>Lectura</span> <span class='ocrx_word' id='word_1_282' title='bbox 578 4251 633 4329; x_wconf 76' lang='lat' dir='ltr'>(z</span> <span class='ocrx_word' id='word_1_283' title='bbox 649 4249 947 4328; x_wconf 88' lang='lat' dir='ltr'>Commentarius)</span> <span class='ocrx_word' id='word_1_284' title='bbox 979 4264 1085 4325; x_wconf 89' lang='lat' dir='ltr'>super</span> <span class='ocrx_word' id='word_1_285' title='bbox 1119 4246 1304 4324; x_wconf 89' lang='lat' dir='ltr'>epistolam</span> <span class='ocrx_word' id='word_1_286' title='bbox 1339 4263 1366 4308; x_wconf 91' lang='lat' dir='ltr'>s.</span> <span class='ocrx_word' id='word_1_287' title='bbox 1401 4245 1501 4309; x_wconf 88' lang='lat' dir='ltr'>Pauli</span> <span class='ocrx_word' id='word_1_288' title='bbox 1534 4246 1578 4309; x_wconf 91' lang='lat' dir='ltr'>ad</span> <span class='ocrx_word' id='word_1_289' title='bbox 1611 4245 1800 4308; x_wconf 86' lang='lat' dir='ltr'>Romanos.</span> 
     </span>
    </p>

    <p class='ocr_par' dir='ltr' id='par_1_20' title="bbox 398 4329 1802 4589">
     <span class='ocr_line' id='line_1_36' title="bbox 505 4329 1802 4414; baseline -0.006 -14"><span class='ocrx_word' id='word_1_290' title='bbox 505 4339 525 4400; x_wconf 94' lang='grc'>1.</span> <span class='ocrx_word' id='word_1_291' title='bbox 554 4341 586 4399; x_wconf 93' lang='grc'>11</span> <span class='ocrx_word' id='word_1_292' title='bbox 610 4341 769 4412; x_wconf 86' lang='lat' dir='ltr'>(anepigr.)</span> <span class='ocrx_word' id='word_1_293' title='bbox 784 4335 894 4398; x_wconf 84' lang='lat' dir='ltr'>»Sicut</span> <span class='ocrx_word' id='word_1_294' title='bbox 917 4337 1073 4414; x_wconf 90' lang='lat' dir='ltr'>prophete</span> <span class='ocrx_word' id='word_1_295' title='bbox 1091 4341 1166 4414; x_wconf 92' lang='lat' dir='ltr'>post</span> <span class='ocrx_word' id='word_1_296' title='bbox 1189 4335 1295 4412; x_wconf 87' lang='lat' dir='ltr'>legem</span> <span class='ocrx_word' id='word_1_297' title='bbox 1319 4338 1366 4395; x_wconf 89' lang='lat' dir='ltr'>sic</span> <span class='ocrx_word' id='word_1_298' title='bbox 1390 4341 1422 4395; x_wconf 91' lang='lat' dir='ltr'>et</span> <span class='ocrx_word' id='word_1_299' title='bbox 1444 4336 1603 4412; x_wconf 78' lang='lat' dir='ltr'>apostoli«</span> <span class='ocrx_word' id='word_1_300' title='bbox 1630 4329 1802 4394; x_wconf 79' lang='grc'><strong>&gt;&lt;1.1551</strong></span> 
     </span>
     <span class='ocr_line' id='line_1_37' title="bbox 400 4421 1795 4502; baseline -0.006 -15"><span class='ocrx_word' id='word_1_301' title='bbox 400 4427 524 4487; x_wconf 79' lang='lat' dir='ltr'>»Amen</span> <span class='ocrx_word' id='word_1_302' title='bbox 549 4431 599 4485; x_wconf 90' lang='lat' dir='ltr'>est</span> <span class='ocrx_word' id='word_1_303' title='bbox 621 4424 832 4485; x_wconf 85' lang='lat' dir='ltr'>confirmacio</span> <span class='ocrx_word' id='word_1_304' title='bbox 857 4428 1101 4502; x_wconf 87' lang='lat' dir='ltr'>premissorum.</span> <span class='ocrx_word' id='word_1_305' title='bbox 1126 4423 1241 4496; x_wconf 91' lang='lat' dir='ltr'>(rubr.)</span> <span class='ocrx_word' id='word_1_306' title='bbox 1285 4421 1425 4499; x_wconf 89' lang='lat' dir='ltr'>Explicit</span> <span class='ocrx_word' id='word_1_307' title='bbox 1459 4422 1580 4482; x_wconf 91' lang='lat' dir='ltr'>lectura</span> <span class='ocrx_word' id='word_1_308' title='bbox 1603 4437 1702 4499; x_wconf 88' lang='lat' dir='ltr'>super</span> <span class='ocrx_word' id='word_1_309' title='bbox 1724 4423 1795 4498; x_wconf 92' lang='lat' dir='ltr'>epi·</span> 
     </span>
     <span class='ocr_line' id='line_1_38' title="bbox 398 4508 1187 4589; baseline -0.006 -16"><span class='ocrx_word' id='word_1_310' title='bbox 398 4515 500 4574; x_wconf 91' lang='lat' dir='ltr'>stolas</span> <span class='ocrx_word' id='word_1_311' title='bbox 524 4516 601 4586; x_wconf 93' lang='lat' dir='ltr'>(sic)</span> <span class='ocrx_word' id='word_1_312' title='bbox 624 4513 654 4572; x_wconf 90' lang='lat' dir='ltr'>b.</span> <span class='ocrx_word' id='word_1_313' title='bbox 680 4518 786 4589; x_wconf 91' lang='lat' dir='ltr'>apost.</span> <span class='ocrx_word' id='word_1_314' title='bbox 811 4510 898 4571; x_wconf 89' lang='lat' dir='ltr'>Pauli</span> <span class='ocrx_word' id='word_1_315' title='bbox 922 4510 964 4570; x_wconf 92' lang='lat' dir='ltr'>ad</span> <span class='ocrx_word' id='word_1_316' title='bbox 989 4508 1187 4570; x_wconf 87' lang='lat' dir='ltr'>Romanos«</span> 
     </span>
    </p>
   </div>
   <div class='ocr_carea' id='block_1_19' title="bbox 500 4615 1392 4689">
    <p class='ocr_par' dir='ltr' id='par_1_21' title="bbox 500 4615 1392 4689">
     <span class='ocr_line' id='line_1_39' title="bbox 500 4615 1392 4689; baseline -0.003 -15"><span class='ocrx_word' id='word_1_317' title='bbox 500 4620 533 4675; x_wconf 94' lang='lat' dir='ltr'>ln</span> <span class='ocrx_word' id='word_1_318' title='bbox 557 4620 605 4676; x_wconf 89' lang='lat' dir='ltr'>iol.</span> <span class='ocrx_word' id='word_1_319' title='bbox 631 4619 790 4689; x_wconf 86' lang='lat' dir='ltr'>praeligato</span> <span class='ocrx_word' id='word_1_320' title='bbox 814 4624 948 4672; x_wconf 90' lang='lat' dir='ltr'>notatur:</span> <span class='ocrx_word' id='word_1_321' title='bbox 976 4617 1167 4672; x_wconf 85' lang='lat' dir='ltr'>›Monasterii</span> <span class='ocrx_word' id='word_1_322' title='bbox 1191 4615 1392 4672; x_wconf 83' lang='lat' dir='ltr'>Oibinensis.«</span> 
     </span>
    </p>
   </div>
   <div class='ocr_carea' id='block_1_20' title="bbox 502 4785 1227 4869">
    <p class='ocr_par' dir='ltr' id='par_1_22' title="bbox 502 4785 1227 4869">
     <span class='ocr_line' id='line_1_40' title="bbox 502 4785 1227 4869; baseline -0.018 0"><span class='ocrx_word' id='word_1_323' title='bbox 502 4789 583 4869; x_wconf 88' lang='lat'>525</span> <span class='ocrx_word' id='word_1_324' title='bbox 997 4785 1069 4861; x_wconf 86' lang='lat' dir='ltr'>III.</span> <span class='ocrx_word' id='word_1_325' title='bbox 1097 4785 1137 4858; x_wconf 89' lang='lat' dir='ltr'>F.</span> <span class='ocrx_word' id='word_1_326' title='bbox 1166 4785 1227 4860; x_wconf 80' lang='lat'>22.</span> 
     </span>
    </p>
   </div>
   <div class='ocr_carea' id='block_1_21' title="bbox 397 4921 1802 5091">
    <p class='ocr_par' dir='ltr' id='par_1_23' title="bbox 397 4921 1802 5091">
     <span class='ocr_line' id='line_1_41' title="bbox 397 4921 1802 5007; baseline -0.006 -17"><span class='ocrx_word' id='word_1_327' title='bbox 397 4928 475 4991; x_wconf 90' lang='lat' dir='ltr'>Duo</span> <span class='ocrx_word' id='word_1_328' title='bbox 489 4928 583 5007; x_wconf 86' lang='lat' dir='ltr'>solia</span> <span class='ocrx_word' id='word_1_329' title='bbox 609 4929 796 4990; x_wconf 78' lang='lat' dir='ltr'>rirerubrau.</span> <span class='ocrx_word' id='word_1_330' title='bbox 822 4929 946 4990; x_wconf 81' lang='lat' dir='ltr'>codicis</span> <span class='ocrx_word' id='word_1_331' title='bbox 967 4945 1055 4988; x_wconf 81' lang='lat' dir='ltr'>saec.</span> <span class='ocrx_word' id='word_1_332' title='bbox 1086 4924 1270 4998; x_wconf 88' lang='lat' dir='ltr'><em>VIII—IX,</em></span> <span class='ocrx_word' id='word_1_333' title='bbox 1303 4924 1563 4987; x_wconf 78' lang='lat' dir='ltr'>characteribus</span> <span class='ocrx_word' id='word_1_334' title='bbox 1599 4921 1802 4984; x_wconf 81' lang='lat' dir='ltr'>minusculis</span> 
     </span>
     <span class='ocr_line' id='line_1_42' title="bbox 398 5007 1799 5091; baseline -0.004 -15"><span class='ocrx_word' id='word_1_335' title='bbox 398 5018 475 5078; x_wconf 86' lang='lat' dir='ltr'>aevi</span> <span class='ocrx_word' id='word_1_336' title='bbox 499 5014 654 5079; x_wconf 87' lang='lat' dir='ltr'>Caroliui</span> <span class='ocrx_word' id='word_1_337' title='bbox 675 5016 817 5087; x_wconf 81' lang='lat' dir='ltr'>exarati,</span> <span class='ocrx_word' id='word_1_338' title='bbox 843 5016 940 5076; x_wconf 84' lang='lat' dir='ltr'>ualde</span> <span class='ocrx_word' id='word_1_339' title='bbox 961 5015 1133 5087; x_wconf 66' lang='lat' dir='ltr'>multilata,</span> <span class='ocrx_word' id='word_1_340' title='bbox 1165 5031 1252 5091; x_wconf 71' lang='lat' dir='ltr'>qliae</span> <span class='ocrx_word' id='word_1_341' title='bbox 1274 5012 1355 5074; x_wconf 79' lang='lat' dir='ltr'>oliui</span> <span class='ocrx_word' id='word_1_342' title='bbox 1388 5011 1563 5073; x_wconf 84' lang='lat' dir='ltr'>asseribus</span> <span class='ocrx_word' id='word_1_343' title='bbox 1595 5009 1717 5072; x_wconf 81' lang='lat' dir='ltr'>codicis</span> <span class='ocrx_word' id='word_1_344' title='bbox 1737 5007 1799 5070; x_wconf 90' lang='lat' dir='ltr'>III.</span> 
     </span>
    </p>
   </div>
   <div class='ocr_carea' id='block_1_22' title="bbox 1076 5236 1127 5286">
    <p class='ocr_par' dir='ltr' id='par_1_24' title="bbox 1076 5236 1127 5286">
     <span class='ocr_line' id='line_1_43' title="bbox 1076 5236 1127 5286; baseline 0 -1"><span class='ocrx_word' id='word_1_345' title='bbox 1076 5236 1127 5286; x_wconf 79' lang='lat'>206</span> 
     </span>
    </p>
   </div>
   <div class='ocr_carea' id='block_1_23' title="bbox 0 0 1990 5957">
    <p class='ocr_par' dir='ltr' id='par_1_25' title="bbox 0 0 1990 5957">
     <span class='ocr_line' id='line_1_44' title="bbox 0 0 1990 5957; baseline 0 0"><span class='ocrx_word' id='word_1_346' title='bbox 0 0 1990 5957; x_wconf 95' lang='lat' dir='ltr'> </span> 
     </span>
    </p>
   </div>
  </div>
 </body>
</html>
