4046 5972
898 541 940 604 93

320 750 360 830 91
819 748 1009 824 LBffi.

216 890 325 952 chart.
348 905 437 950 saec.
460 887 548 950 XIV
567 905 614 950 ex.
627 887 673 970 ff.
697 889 762 951 153
784 906 887 964 num,
908 887 1052 952 29><20
1073 905 1135 950 cm.
1153 888 1185 951 d.
1209 907 1253 950 m.

320 991 456 1056 Nicolai
478 993 521 1056 de
543 991 680 1056 Gorran
702 991 814 1072 Super
838 991 1045 1055 iohannem.

323 1095 343 1160 i.
368 1095 398 1158 2.
421 1100 547 1171 (rubr.:)
581 1095 727 1158 »Thema
749 1099 893 1174 magistri
924 1095 1026 1158 Gorre
1050 1113 1150 1175 super
1171 1095 1354 1158 Jobannem
1378 1099 1624 1160 exhortacionisv

217 1193 292 1246 ante
317 1185 498 1263 prologum.
523 1183 609 1245 Ecce
632 1185 785 1261 intelliget
808 1199 924 1244 servus
948 1199 1096 1244 meus..
1122 1208 1147 1244 ,ι

322 1271 342 1332 i.
366 1266 529 1332 ΙΙΙ-48δ
551 1269 718 1333 Matthaei
741 1268 783 1332 de
795 1267 966 1332 cracovia
987 1268 1110 1332 Sermo
1133 1269 1313 1348 synodalis
1337 1269 1381 1349 (a.
1401 1269 1498 1349 1386)
1514 1287 1627 1348 super

221 1357 331 1439 »Quid
354 1362 409 1420 est
439 1356 532 1436 quod
561 1357 709 1420 dilectus
743 1371 862 1418 meus«
889 1361 972 1430 (cum
994 1361 1086 1416 hacce
1109 1367 1180 1416 nota
1203 1360 1387 1432 marginalit)
1414 1357 1529 1419 »Hunc
1553 1374 1619 1418 ser·

219 1461 351 1507 monem
383 1443 459 1506 lecit
487 1443 531 1505 M.
563 1443 716 1506 Matheus
748 1445 788 1504 de
821 1441 979 1506 Cracovia
1009 1460 1102 1504 sacre
1134 1444 1294 1522 theologie
1318 1444 1486 1522 professor
1508 1461 1618 1505 coram

218 1536 375 1610 episcopo
399 1531 552 1609 Pragensi
576 1538 608 1592 et
630 1532 784 1592 omnibus
801 1546 858 1607 per
872 1532 1155 1608 archiepiscopum
1169 1530 1211 1590 ad
1229 1531 1396 1609 synodum
1412 1531 1530 1592 ibidem
1547 1547 1619 1609 pro·

218 1625 357 1679 vocatus
381 1622 412 1679 in
436 1619 511 1679 aula
534 1622 679 1697 episcopi
704 1617 795 1696 Prag.
822 1619 948 1697 publice
973 1617 1157 1695 predicavit,
1188 1621 1240 1677 cui
1274 1622 1401 1694 gracias
1435 1635 1527 1695 agos
1554 1615 1618 1690 (Cf.

218 1707 292 1766 cod.
317 1703 356 1764 X.
385 1705 423 1764 Α.
448 1703 492 1778 2).

322 1809 343 1870 t.
367 1807 552 1870 49⁸-1502
578 1807 761 1871 Comment.
786 1807 854 1869 Nic.
879 1807 1001 1870 Gorrae
1025 1825 1121 1887 porro
1145 1813 1297 1868 tractatur
1313 1815 1344 1870 et
1359 1809 1537 1870 absolvitur
1553 1812 1618 1869 sic:

223 1896 426 1975 ›Expliciunt
460 1897 547 1957 dicta
578 1894 679 1956 Gorre
711 1895 817 1956 fratris
848 1893 983 1974 Nycolai
1018 1913 1117 1974 super
1149 1894 1342 1956 iohannem.
1377 1894 1541 1956 Wilhelmi
1579 1895 1620 1956 de

220 1977 402 2045 Slawclredo
424 1987 496 2058 (sic,
521 1980 797 2053 Slawlrenwerde,
822 1980 1111 2056 Schlaclrenwert).

323 2095 344 2156 i.
373 2089 576 2156 teob-152⁸
603 2093 806 2172 »Registrum
837 2111 894 2172 per
917 2095 1071 2154 circulum
1095 2099 1170 2155 anni
1195 2099 1226 2156 in
1250 2095 1398 2174 capitulis
1422 2111 1521 2174 super
1554 2098 1619 2172 epi-

220 2183 319 2243 stolas
351 2187 383 2242 et
414 2181 594 2259 ewangelia
623 2181 859 2242 dominicarum
891 2187 922 2240 et
952 2181 1102 2241 feriarum
1127 2187 1159 2242 et
1181 2189 1389 2244 sanctorum«
1421 2184 1506 2255 (sine
1529 2180 1619 2254 fine).

320 2286 342 2346 i.
371 2281 447 2346 153b
470 2284 574 2346 Notae
598 2287 683 2358 hist,
708 2301 846 2363 quarum
870 2287 988 2362 prima:
1011 2285 1156 2346 »Primus
1173 2287 1265 2346 miles
1281 2292 1356 2347 ante
1373 2284 1490 2348 Christi
1508 2289 1620 2348 nativi·

221 2379 318 2434 tatem
342 2372 400 2433 luit
422 2371 552 2446 Hector,
577 2377 631 2451 qui
654 2372 732 2432 obiit
754 2371 807 2432 Xl.
832 2376 1040 2432 centennario
1063 2379 1138 2433 ante
1161 2372 1237 2435 Chr.
1261 2379 1345 2435 nat«
1374 2420 1381 2434 .
1407 2421 1413 2434 .
1439 2420 1445 2434 .

324 2478 476 2551 Operculis
507 2479 637 2550 adligata
666 2485 736 2534 sunt
768 2479 784 2534 2
817 2477 867 2536 lol.
899 2480 1059 2536 membran.
1090 2479 1291 2550 palimpsesta,
1315 2479 1476 2550 inquibus
1500 2479 1621 2534 rescribi

221 2569 316 2637 coepti
346 2573 416 2622 sunt
444 2581 547 2622 versus
578 2569 615 2622 de
638 2566 784 2637 mysteriis
807 2565 926 2622 missae.
957 2565 1028 2620 Item
1051 2565 1101 2622 iol.
1130 2567 1162 2621 Ιι
1184 2573 1228 2622 est
1250 2567 1417 2622 versificata
1443 2565 1561 2621 »Oratio
1585 2567 1620 2620 de

221 2651 251 2710 S.
275 2651 408 2708 Johanne
431 2652 645 2723 euangelista«,
675 2653 761 2708 cuius
792 2651 924 2707 initium:
958 2651 1197 2724 »Contemplator
1219 2653 1365 2722 trinitatis,
1389 2653 1541 2723 speculum
1563 2652 1621 2708 vir·

220 2739 360 2810 ginitatis,
384 2739 533 2796 Johannes
557 2741 709 2809 apostole«
736 2745 790 2796 etc.
814 2737 864 2810 (ci.
889 2737 976 2794 Mone
992 2738 1041 2809 ΙΙΙ,
1069 2739 1153 2810 113).
1176 2739 1208 2797 F.
1236 2732 1269 2794 lb
1293 2740 1402 2810 adglut.
1419 2741 1534 2808 insigne
1550 2739 1620 2796 bibl.

221 2827 461 2898 Rosenberglcae,
485 2842 521 2882 ex
545 2842 604 2897 qua
626 2829 720 2882 codex
742 2827 874 2896 pervenit
896 2825 925 2880 in
949 2826 1020 2883 bibl.
1045 2841 1151 2883 canon.
1175 2827 1266 2898 regul.
1291 2843 1315 2884 s.
1332 2827 1491 2897 Augustini
1513 2823 1621 2880 Tiebo-

222 2929 360 2983 nensem3
384 2917 450 2970 inde
474 2915 511 2968 ad
536 2927 601 2970 nos.

324 3097 377 3180 Ὦ
841 3095 999 3175 lor

221 3256 329 3318 chart.
352 3273 439 3318 saec.
463 3253 735 3318 XVII—XVIII
739 3254 786 3337 ff.
811 3253 863 3330 14,
883 3255 1028 3319 32><22
1051 3275 1113 3318 cm.
1137 3260 1157 3316 2
1181 3277 1224 3320 m.

322 3375 499 3456 (Rituale.)
526 3373 732 3440 »Extractus
755 3391 935 3439 sacrorum
958 3377 1089 3439 rituum
1111 3395 1174 3455 pro
1197 3377 1321 3440 maiori
1343 3378 1558 3441 hebdomada
1580 3378 1624 3441 ad

221 3464 389 3612 ἓὲἓιυῐὲιὸ.
421 3463 554 3527 ordinis
584 3462 829 3526 cisterciensis
861 3472 893 3525 et
923 3466 1033 3526 rituale
1068 3465 1406 3527 archi-dioecesanum
1437 3483 1623 3528 accommo-

325 3673 400 3730 Cum
431 3675 480 3732 lol.
519 3667 571 3730 lib
602 3683 845 3732 commemoretur
876 3675 1047 3732 »Processio
1078 3676 1371 3748 Kuttenbergensis»,
1403 3679 1529 3733 dubitari
1563 3694 1623 3733 non

222 3767 327 3834 potest,
351 3765 422 3833 quin
444 3762 516 3818 liber
539 3761 623 3817 merit
646 3763 833 3818 monasterii
856 3761 1068 3822 Sedlecensis.

326 3947 380 4029 Β
844 3944 1000 4024 [αλ

223 4106 331 4168 chart.
354 4123 442 4167 saec.
465 4104 535 4166 XV
542 4106 588 4189 ff.
613 4107 688 4182 167,
709 4107 852 4170 30><22
874 4125 936 4170 cm.
960 4109 978 4169 1
1004 4125 1048 4168 m.

324 4243 448 4308 Isidori
468 4245 689 4324 Hispalensis
711 4245 1010 4327 Etymologiarum
1032 4245 1111 4307 libri
1132 4244 1282 4308 XXVIII.

324 4367 345 4430 i.
374 4368 406 4428 la
427 4371 543 4442 (rubr:)
577 4367 708 4446 »Incipit
739 4369 876 4446 epistola
914 4367 1041 4430 Ysidori
1073 4373 1218 4448 episcopi
1248 4369 1290 4429 ad
1322 4368 1527 4430 Braulionem
1560 4373 1624 4448 epi-

224 4469 392 4532 scopum«
416 4456 449 4512 ><
468 4455 489 4516 i.
518 4450 594 4516 167b
624 4459 739 4530 (rubrzl
772 4455 976 4535 »Expliciunt
998 4463 1072 4516 octo
1104 4462 1136 4516 et
1157 4461 1268 4533 viginti
1298 4457 1366 4517 libri
1389 4456 1524 4535 ysodori
1548 4460 1634 4531 (sic)

224 4541 497 4621 ethimoloyarum
520 4546 574 4620 qui
599 4547 630 4603 in
655 4543 718 4602 boc
734 4542 847 4604 codice
871 4547 1086 4605 continentur.
1111 4541 1269 4605 Conditor
1290 4544 1389 4604 huius
1411 4544 1480 4603 libri
1503 4548 1535 4604 in
1560 4548 1625 4604 sin·

223 4629 308 4706 gulis
332 4629 501 4691 codicibus
525 4630 703 4708 disputavit
725 4629 765 4690 de
790 4629 928 4690 diversis
952 4635 1094 4691 materiis
1117 4647 1223 4692 rerum
1247 4635 1419 4692 variarum.
1444 4628 1513 4692 Sub
1537 4647 1625 4693 anno

225 4715 347 4862 dognini
377 4711 556 4779 M⁰CCCC⁰
579 4763 587 4777 .
613 4765 620 4778 .
646 4761 653 4778 .
678 4717 734 4788 (lit.
764 4722 890 4777 numeri
920 4719 975 4779 ult.
1008 4723 1117 4792 erasa)
1151 4724 1298 4779 currente
1332 4717 1445 4778 linitus
1479 4722 1530 4778 est
1564 4722 1624 4778 iste

224 4818 265 4863 co
290 4818 361 4862 ex.‹

329 4909 414 4968 Saec.
438 4907 493 4964 XV
516 4911 611 4965 codex
634 4918 695 4966 erat
717 4913 887 4966 monasterii
910 4909 1147 4979 Borowanensis,
1171 4927 1207 4967 ex
1230 4925 1288 4983 quo
1315 4913 1345 4966 in
1369 4911 1439 4966 bibl.
1463 4909 1626 4966 Rosenber-

224 4997 320 5068 gicam
343 4999 484 5068 pervenit,
508 4999 586 5053 unde
610 5001 790 5056 monasterio
814 4999 943 5068 praelato
966 5001 1118 5055 restitutus
1141 5005 1195 5055 est.

905 5217 945 5270 20.
