3990 5956
926 566 989 632 739

362 777 394 834 ln
418 777 513 835 fronte
535 777 552 837 i.
582 780 612 835 1·
633 779 705 835 haec
728 784 799 835 nota
822 781 930 850 scripta
954 793 1043 835 manu
1065 779 1197 835 eiusdem
1232 793 1311 838 saec.
1346 783 1488 837 occurrit:
1538 780 1657 853 »Loyca

258 865 380 922 Albani.
402 864 489 922 Hunc
512 865 617 922 librum
640 867 764 922 donavit
785 879 844 922 rev.
867 870 949 938 pater
970 865 1001 922 in
1025 863 1092 922 Chr.
1117 868 1196 922 dom.
1231 863 1376 934 Henricus
1399 868 1435 923 de
1459 865 1656 924 Wildcnstein

259 952 349 1025 episc.
373 959 402 1008 et
424 967 524 1009 comes
546 951 734 1023 Tergestinus
757 952 894 1009 fratribus
917 953 945 1007 b.
969 952 1091 1023 virginis
1114 951 1144 1008 in
1168 949 1353 1011 czaslavias
1404 951 1558 1025 Opcrculis
1582 954 1657 1010 adli·

259 1045 328 1110 gata
350 1047 420 1096 sunt
442 1037 603 1110 fragmenta
625 1041 745 1099 membr.
769 1040 881 1095 codicis
905 1039 1060 1095 cuiusdam
1083 1038 1191 1112 philos.
1214 1053 1292 1095 saec.
1309 1037 1388 1111 XIV,
1412 1056 1537 1111 quorum
1561 1041 1591 1096 ln
1615 1041 1658 1097 al·

260 1129 350 1182 terius
373 1123 467 1182 fronte
491 1133 625 1182 notatur:
675 1125 753 1182 »Ista
788 1126 876 1198 loyca
909 1132 953 1182 est
984 1125 1081 1182 fratris
1103 1123 1214 1181 'Ibome
1237 1125 1272 1182 de
1295 1123 1371 1182 Pisis
1394 1121 1445 1202 (l),
1484 1143 1572 1199 quam
1595 1127 1658 1199 ipse

259 1215 328 1269 emit
351 1227 369 1266 a
390 1211 541 1268 lodovico
564 1213 643 1271 dom.
668 1210 875 1273 Cristannus.«
899 1211 994 1268 Vetus
1017 1213 1094 1284 sign.
1117 1212 1183 1270 libr.
1207 1210 1303 1270 Carol.
1326 1211 1450 1282 B‚i‚X,

364 1394 444 1476 737
697 1395 759 1474 IV.
788 1397 835 1473 G.
862 1397 898 1472 5.
926 1413 1092 1478 (aran.
1111 1413 1158 1478 rr)

260 1536 370 1600 citari.
399 1553 487 1598 saec.
509 1531 676 1619 XIVJXV
685 1534 732 1617 ff
755 1535 795 1599 ir
819 1554 924 1610 uum„
946 1535 989 1599 22
1003 1536 1100 1616 ><15
1120 1553 1184 1600 cm.
1207 1540 1225 1600 l
1250 1555 1295 1600 m.

403 1656 589 1735 (IobannIs
612 1658 655 1721 de
676 1654 822 1736 Pragai)
846 1657 960 1720 Casus
984 1655 1166 1719 summarii
1188 1673 1296 1736 super
1317 1658 1518 1722 decretales.

369 1761 388 1822 l.
417 1763 449 1824 l·
476 1759 672 1840 «Gregorius
696 1768 755 1824 etc.
778 1762 870 1825 Istud
896 1762 1101 1841 prohemium
1137 1762 1237 1823 babet
1259 1766 1403 1843 quinque
1427 1767 1554 1841 partes«
1579 1765 1613 1822 ><
1635 1763 1657 1824 i.

262 1848 320 1910 71·
347 1847 469 1911 »facere
493 1853 659 1927 omagium
683 1849 902 1928 compellatur.
930 1847 1020 1910 Finis
1044 1849 1180 1910 Amen«
1208 1846 1397 1928 Sequuntur
1419 1854 1515 1912 notae
1538 1854 1656 1912 variae.

365 1952 397 2014 In
419 1953 513 2012 fronte
536 1956 665 2027 operculi
688 1970 783 2028 super.
808 1971 897 2012 manu
921 1971 1032 2012 coaeva
1065 1957 1239 2012 adnotatum
1273 1961 1340 2012 est:
1375 1955 1527 2028 »Magistri
1550 1956 1661 2014 lohan-

263 2045 308 2099 nis
332 2044 367 2097 de
391 2041 510 2113 Praga.«
538 2039 668 2115 Scholia,
702 2043 753 2114 qui
775 2043 909 2098 codicem
932 2043 1010 2098 bunc
1032 2059 1099 2114 pag.
1124 2041 1164 2098 48
1189 2041 1285 2113 operis
1316 2043 1363 2098 sui
1399 2041 1532 2102 »Canon
1556 2043 1661 2099 Hand-

262 2127 419 2184 schriitene
445 2136 586 2196 recenset,
621 2137 748 2186 veterem
786 2130 953 2200 catalogum
988 2135 1121 2186 nostnrm
1155 2135 1276 2186 secutus
1311 2127 1389 2200 Mag.
1423 2128 1590 2186 Iohannem
1624 2131 1660 2186 de

263 2215 354 2287 Praga
377 2221 526 2270 auctorem
550 2213 679 2271 Casuum
703 2230 769 2272 esse
793 2215 932 2277 declarat.
956 2213 1090 2272 Sexterni
1114 2215 1227 2272 codicis
1253 2219 1382 2289 cooperti
1406 2223 1474 2272 sunt
1497 2215 1660 2288 fragmento

263 2303 422 2358 membran.
445 2303 578 2358 instrum.
601 2304 682 2373 publ.
718 2308 812 2358 notar.
835 2301 975 2357 Stanislal
998 2304 1034 2357 de
1058 2301 1179 2373 Gycztn.
1215 2301 1331 2360 Veteris
1366 2305 1472 2374 signat.
1497 2303 1567 2360 bibl.
1592 2301 1661 2359 Cle-

264 2396 351 2447 ment.
375 2389 499 2460 vestigia
521 2394 636 2445 tantum
659 2389 689 2444 ln
714 2390 803 2445 dorso
826 2389 954 2444 lacerato
977 2395 1144 2460 supersunt.

367 2555 449 2638 738
730 2554 792 2632 IV.
820 2555 867 2631 G.
895 2557 929 2630 6.
957 2571 1004 2638 (t.
1021 2570 1070 2624 111.
1087 2573 1113 2624 a.
1132 2572 1223 2636 aaa.)

264 2697 371 2759 citari.
394 2713 482 2759 saec.
504 2695 575 2760 XV
580 2696 627 2779 ff
651 2697 704 2770 62,
726 2695 847 2759 22·5><
860 2697 903 2760 16
924 2713 988 2759 cm
1011 2696 1029 2759 i
1054 2713 1100 2757 m.

371 2816 559 2882 Sermones
582 2819 680 2897 varii,
703 2827 739 2882 ut
761 2820 881 2882 docent
903 2821 1126 2893 allocutiones
1150 2818 1222 2881 fere
1245 2835 1369 2881 omnes
1400 2819 1444 2881 ad
1475 2817 1662 2898 magistros

264 2911 300 2967 et
322 2904 469 2968 clericos
493 2905 612 2969 habiti.
636 2907 765 2987 Quibus
788 2908 1074 2986 superscribuntur
1096 2910 1259 2982 auctores,
1282 2906 1315 2966 hi
1339 2911 1433 2968 sunt:

372 3007 392 3070 i.
420 3012 452 3070 1·
476 3009 599 3072 Sermo
620 3009 742 3073 Jacobi
763 3010 806 3073 de
828 3010 919 3073 illisa
940 3014 1035 3089 incip.
1061 3010 1284 3071 »Pacienclam
1308 3009 1393 3071 habe
1416 3013 1448 3070 in
1472 3025 1554 3075 me«

372 3111 392 3174 i.
421 3115 475 3175 11⁸
497 3113 664 3176 Eiusdem
687 3130 805 3178 sermo
828 3119 941 3194 incip:
969 3112 1101 3194 «Surge,
1125 3114 1199 3175 tolle
1222 3113 1393 3192 grabatum
1416 3119 1538 3174 tuum«

372 3216 393 3279 i.
421 3214 476 3279 12¹³
497 3215 663 3280 Elusdem
685 3225 802 3280 sermo
825 3223 937 3298 incip:
965 3217 1087 3282 »Cuius
1110 3223 1162 3278 est
1183 3218 1245 3279 hec
1267 3221 1406 3296 imago«

373 3321 393 3384 i.
417 3319 476 3382 53·
499 3319 544 3384 li.
566 3320 741 3384 Iohannis
763 3321 839 3383 ilus
862 3321 994 3394 Sermo,
1031 3339 1154 3400 »quem
1177 3321 1362 3400 proposuit
1383 3320 1496 3385 iacere
1520 3320 1558 3382 in
1580 3336 1664 3384 con-

265 3407 346 3470 cilio
369 3406 653 3471 constantiensi«
678 3413 792 3486 incip:
832 3407 1012 3470 »Dominus
1035 3415 1148 3471 noster
1169 3409 1197 3470 J.
1232 3409 1326 3471 Cim«
1364 3408 1462 3489 (adid.
1498 3411 1530 3469 in
1566 3405 1661 3486 Oper.

265 3493 368 3558 Hussi
390 3493 412 3556 i.
436 3493 742 3570 mercurialis,
767 3493 882 3574 Script.
906 3495 927 3570 l,
952 3495 1040 3573 298).

369 3602 408 3660 Ut
429 3605 516 3660 docet
538 3603 639 3660 tabula
661 3609 864 3660 contentorum
887 3606 918 3660 in
941 3603 1079 3676 operculo
1095 3619 1191 3675 super.
1211 3619 1301 3660 manu
1324 3617 1401 3660 saec.
1428 3600 1509 3656 XVII
1532 3607 1661 3666 exarata,

266 3697 294 3746 et
317 3689 365 3746 alii
389 3705 539 3746 sermones
561 3689 651 3746 Hussi
674 3697 702 3746 et
725 3704 874 3746 sermones
898 3706 974 3762 mag.
999 3690 1072 3746 Petri
1096 3691 1132 3746 de
1148 3689 1264 3762 Stupna
1285 3691 1356 3745 olim
1371 3691 1495 3756 inerant,
1519 3689 1569 3760 qui
1585 3703 1664 3743 nunc

266 3779 373 3832 desunt
396 3779 498 3834 codice
520 3779 551 3832 in
573 3777 630 3833 line
655 3777 797 3834 mutilato.
821 3775 941 3849 Eadem,
965 3784 997 3833 ut
1018 3780 1141 3848 videtur,
1178 3792 1285 3834 manus
1319 3779 1415 3832 codici
1445 3777 1525 3830 hunc
1547 3773 1664 3831 titulum

267 3864 432 3935 inscripsit:
459 3863 634 3920 »Sermones
657 3864 899 3920 concionatorum
921 3867 1145 3936 praecipuorum
1180 3864 1210 3920 ln
1243 3862 1393 3921 Boemia.«
1441 3862 1552 3918 lbIdcm
1575 3875 1664 3916 manu

267 3965 344 4008 saec.
357 3949 413 4005 XV
435 3957 567 4006 notatum
590 3957 635 4006 est
656 3949 853 4007 Vaticinium
876 3951 914 4007 tic
936 3963 1035 4023 regno
1058 3950 1230 4007 Bohemiae
1253 3947 1334 4021 Mgri
1358 3947 1453 4008 Galli.
1479 3947 1572 4004 Vetus
1589 3948 1664 4018 sign.

267 4035 303 4106 H,
329 4036 378 4094 25.

372 4203 452 4286 739
760 4205 825 4283 IV.
856 4203 899 4281 G.
930 4205 963 4281 7.
991 4221 1076 4286 (Η.
1099 4224 1120 4273 r.
1137 4236 1163 4271 n.
1182 4221 1219 4283 a.)

269 4346 376 4408 chart.
399 4362 485 4410 saec.
509 4343 596 4408 XIV
609 4345 650 4427 ff.
667 4347 718 4422 42,
741 4347 781 4410 21
798 4345 896 4427 ><14
919 4363 982 4408 cm.
1007 4348 1087 4408 lm.

267 4467 410 4531 Arnesti
432 4465 687 4545 archiepiscopi
708 4466 896 4546 Pragensis
930 4465 1069 4528 statuta
1101 4463 1332 4542 provincialia
1366 4480 1395 4526 a.
1433 4460 1518 4524 1³49
1551 4460 1669 4525 addito

267 4555 357 4618 libro
379 4553 530 4618 Thomae
552 4552 730 4617 HibernIci
753 4555 795 4616 de
816 4553 929 4616 tribus
952 4552 1092 4631 punctis
1115 4551 1293 4630 religionis
1317 4549 1529 4614 christianae
1544 4564 1666 4611 essen-

895 4641 1047 4703 tIalibus.

377 4765 396 4826 i.
425 4766 456 4826 1⁸
481 4765 573 4836 (rubr.
584 4768 606 4838 ς)
645 4763 776 4841 »Incipit
798 4763 953 4840 prologus
977 4779 1077 4840 super
1099 4767 1273 4825 statuta..
1297 4760 1332 4822 ln
1355 4764 1488 4824 nomine
1511 4777 1538 4822 s,
1564 4766 1596 4821 et
1618 4764 1664 4821 in·

270 4853 333 4912 div.
357 4855 452 4912 tn'nIt.
472 4895 506 4912 ..
531 4850 692 4912 Amestus
717 4850 768 4911 dei
792 4857 824 4910 et
846 4854 951 4927 apost.
977 4849 1066 4910 sedis
1089 4853 1249 4928 gracias.
1286 4847 1375 4927 Prag.
1411 4849 1528 4910 eccles,
1552 4848 1668 4926 archy-

269 4941 464 5017 episcopus«
492 4939 523 4993 ><
547 4936 567 4999 i.
591 4937 651 4998 42·
675 4937 802 5015 (rubr.:)
827 4935 1032 5014 »Expliciunt
1054 4936 1263 5014 provincialia
1285 4935 1372 4995 edita
1394 4951 1414 4994 a
1437 4934 1525 4995 dom.
1550 4935 1669 5014 archy-

269 5029 426 5104 episcopo
450 5023 539 5086 dom.
563 5025 705 5085 Amesto
728 5023 917 5086 venerando
941 5039 967 5083 s
993 5021 1076 5101 Prag
1098 5023 1270 5084 ecclesie«

944 5244 996 5296 293
