3972 5958
1030 594 1090 656 461

469 797 541 879 461
829 798 900 874 III.
927 800 976 874 D.
1004 802 1039 875 9.
1067 816 1111 880 u.
1129 816 1179 867 111.
1193 819 1217 868 1-
1230 833 1255 868 n.
1275 819 1329 881 2⁵.)

365 937 472 1000 chart.
494 955 583 1000 saec.
604 937 691 999 XIV
710 955 757 1002 ex.
779 939 817 1020 ff.
840 939 906 1002 143
927 959 1030 1016 num„
1052 941 1191 1004 30><21
1217 960 1280 1004 cm.
1303 944 1334 1004 d.
1359 962 1404 1006 nt.

474 1059 561 1140 Mag.
584 1061 727 1124 Henrici
748 1062 791 1124 de
813 1060 905 1140 Oyta
927 1060 1162 1141 Quaestiones
1185 1063 1416 1144 Physicorum
1438 1064 1651 1128 Aristotelis.

476 1165 496 1226 1.
520 1162 554 1225 a¹
580 1164 750 1244 »Queritur
771 1169 857 1227 circa
872 1170 1010 1245 primum
1025 1168 1236 1247 physicorum
1256 1175 1373 1229 utrum.
1394 1167 1479 1248 Quia
1490 1173 1631 1248 primum
1642 1177 1768 1249 oportet

367 1256 551 1400 ilrxrffirgtlrere«
578 1257 608 1308 ><
632 1252 652 1313 i.
680 1248 757 1314 140b
794 1269 911 1332 »quam
943 1253 1127 1315 felicitatem
1159 1256 1254 1315 nobis
1286 1257 1447 1317 concedat
1475 1260 1578 1317 trinus
1612 1263 1646 1318 et
1667 1273 1765 1318 unus

477 1442 497 1503 i.
525 1443 603 1504 141·
625 1440 710 1504 Nota
732 1444 774 1503 de
797 1447 880 1504 aere.

475 1546 498 1607 i.
525 1543 602 1607 142t
629 1545 830 1625 »Expliciunt
863 1551 1052 1625 questiones
1084 1555 1248 1610 accurtate
1284 1566 1341 1630 per
1364 1548 1413 1610 H«
1439 1554 1548 1625 (cetera
1571 1553 1665 1609 deleta
1688 1562 1766 1610 sunt.

369 1636 437 1692 Alia
459 1652 565 1692 manus
587 1638 669 1692 addit
682 1632 703 1710 :)
730 1651 833 1712 »mag
858 1631 1045 1695 Biridanum
1069 1639 1211 1696 eccle..
1231 1684 1238 1697 .
1258 1645 1308 1696 tur
1332 1635 1388 1711 (?)‹

479 1739 591 1796 Nomen
614 1742 742 1797 auctoris
764 1745 844 1798 etin
867 1744 1010 1800 schedula
1032 1744 1170 1815 operculo
1203 1760 1268 1816 sup.
1293 1744 1475 1814 adglutinata
1498 1752 1526 1799 et
1548 1745 1579 1799 ln
1602 1743 1696 1800 fronte
1718 1744 1768 1800 iol.

370 1827 434 1883 init.
457 1828 666 1886 emutilatum
696 1835 749 1885 est.
780 1829 899 1902 Utrique
930 1830 1068 1902 operculo
1099 1831 1211 1900 adglut.
1235 1837 1304 1886 sunt
1327 1830 1428 1900 fragm.
1452 1833 1573 1886 membr.
1598 1832 1664 1888 cod.
1690 1846 1768 1887 saec.

371 1911 449 1985 XIV,
473 1929 531 1984 quo
554 1915 744 1985 grammatica
766 1919 910 1987 quaedam
933 1917 1099 1972 versificata
1121 1918 1335 1974 continebatur.
1360 1916 1453 1972 Vetus
1477 1917 1553 1988 sign.
1578 1917 1613 1988 D,
1638 1919 1666 1976 9.

476 2100 560 2182 462
820 2101 892 2177 III.
923 2102 968 2177 D.
997 2103 1057 2176 10.
1087 2119 1131 2181 (Y.
1155 2119 1176 2169 1.
1200 2119 1228 2173 a
1246 2134 1271 2170 n.
1290 2120 1343 2178 ra.)

373 2242 481 2305 chart.
503 2257 591 2302 saec.
614 2239 683 2301 XV
701 2257 747 2301 ex.
767 2239 806 2321 ff.
829 2241 904 2320 229,
925 2242 1068 2305 29)(22
1091 2259 1154 2304 cm.
1177 2243 1196 2304 i
1222 2261 1267 2304 m.

480 2363 775 2441 Antiphonarium
797 2363 892 2426 notis
912 2363 1059 2426 musicis
1081 2363 1304 2425 instructum.

475 2468 496 2532 1.
520 2465 601 2531 215⁵
626 2465 739 2529 »Sorte
763 2484 980 2546 supernorum
1004 2472 1142 2546 scriptor
1163 2468 1231 2528 libri
1254 2471 1409 2546 poenitor,

626 2554 730 2616 Morte
753 2557 968 2632 malignorum
992 2561 1100 2633 raptor
1122 2554 1190 2614 libri
1213 2558 1383 2615 moriator«
1410 2552 1494 2631 (sic).

465 2658 504 2824 >i
529 2655 609 2720 229b
634 2658 790 2737 »Explicit
808 2704 815 2719 .
836 2709 841 2720 .
864 2659 981 2720 ,imsel
1005 2658 1045 2718 de
1068 2654 1163 2718 Novo
1186 2655 1269 2718 Foro
1292 2661 1324 2718 in
1348 2657 1372 2718 P
1391 2706 1397 2720 .
1417 2708 1423 2718 .
1443 2705 1452 2720 .
1470 2676 1507 2719 a«
1523 2657 1644 2736 (cetera
1664 2663 1776 2721 excisa

377 2752 462 2807 sunt.

484 2851 636 2924 Operculis
659 2853 769 2922 adglut.
793 2861 862 2908 sunt
884 2851 985 2922 fragm.
1010 2853 1129 2908 membr.
1153 2854 1309 2908 cuiusdam
1333 2853 1445 2908 codicis
1466 2851 1595 2922 liturgici
1618 2867 1697 2910 saec.
1710 2851 1776 2908 XIII

378 2942 516 3000 neumati.
541 2938 680 2995 Codicem
703 2947 836 2994 nostmm
859 2953 971 2994 recens.
995 2937 1114 3006 Dreves,
1139 2937 1275 2994 Cantion.
1300 2939 1418 2995 bohem.
1442 2955 1471 3010 p.
1496 2937 1548 2996 21.

449 3195 453 3202 .
482 3125 567 3209 463
828 3124 900 3200 III.
927 3124 977 3199 D.
1004 3124 1064 3201 ΙΙ.
1092 3140 1138 3204 tr.
1162 3140 1183 3190 1.
1210 3141 1234 3193 r.
1253 3155 1278 3192 n.
1297 3141 1352 3206 rr.)

379 3269 487 3331 chart.
509 3284 596 3330 saec.
619 3263 707 3328 XIV
713 3265 759 3348 ff.
782 3265 857 3340 132,
880 3264 1058 3328 28><2r5
1077 3282 1141 3326 cm.
1165 3264 1197 3326 d.
1221 3281 1266 3324 m.

487 3389 675 3453 Sermones
697 3386 925 3450 dominicales
947 3400 1010 3462 per
1031 3384 1203 3448 circulum
1229 3384 1321 3448 anni.

488 3495 508 3556 1.
537 3498 571 3557 1⁸
597 3490 698 3555 »Cum
728 3495 1083 3570 appropinquaret...
1108 3487 1162 3552 Sic
1186 3490 1297 3551 scribit
1323 3490 1495 3568 apostolus
1517 3489 1561 3551 ad
1585 3488 1776 3551 Romanos«

381 3587 414 3643 ><
437 3582 457 3645 i.
486 3578 562 3642 127b
590 3597 684 3658 »ergo
718 3595 805 3640 unus
835 3583 888 3638 est
921 3577 1106 3654 redemptor
1128 3583 1160 3636 et
1183 3576 1369 3654 redempcio
1392 3581 1562 3656 utriusque
1585 3583 1618 3638 et
1640 3583 1779 3638 cetera«.

381 3669 569 3748 Sequuntur
592 3672 763 3746 pericopae
786 3664 1037 3743 evangeliorum.

490 3775 642 3849 Operculis
666 3773 850 3845 adglutinata
872 3778 900 3827 et
923 3770 1053 3840 adligata
1076 3776 1146 3840 sunt
1168 3769 1331 3840 fragmenta
1353 3772 1508 3828 cuiusdam
1532 3771 1652 3828 membr.
1669 3770 1782 3828 codicis

382 3880 459 3922 saec.
483 3862 561 3932 XIV,
584 3877 643 3934 quo
655 3863 881 3917 commentarius
897 3858 928 3914 in
945 3872 1061 3914 carmen
1077 3857 1226 3927 quoddam
1242 3857 1460 3927 grammaticale
1475 3857 1639 3929 (Donatum
1649 3853 1673 3928 t)
1688 3857 1784 3914 conti·

383 3938 515 4008 nebatur.
546 3948 667 4005 Ineunte
698 3963 776 4004 saec.
807 3944 862 4002 XV
892 3946 986 4002 codex
1016 3949 1077 4000 erat
1107 3943 1262 3999 cuiusdam
1286 3945 1412 4015 plebani,
1436 3947 1486 4016 qui
1509 3943 1580 4002 ini.
1608 3937 1785 4001 132111οοί-

382 4044 497 4095 mantes
520 4037 577 4092 sibi
600 4035 630 4090 in
654 4034 820 4106 Rzyedhost
843 4033 1004 4088 annotavit.

486 4222 574 4304 464
835 4218 906 4295 III.
934 4218 982 4293 D.
1009 4215 1069 4292 12.
1099 4232 1143 4298 (Υ.
1169 4231 1190 4284 1.
1215 4233 1241 4286 r.
1259 4249 1286 4284 a.
1304 4234 1358 4296 78.)

383 4367 491 4432 chart.
513 4382 601 4429 saec.
623 4360 710 4426 XIV
729 4379 776 4424 ex.
794 4359 834 4444 ff.
857 4360 933 4437 167,
954 4357 1097 4422 29><20
1118 4375 1182 4419 cm.
1205 4358 1237 4419 d.
1261 4375 1305 4420 m.

492 4485 641 4567 (Nicolai
663 4485 706 4548 de
728 4482 822 4559 Lira)
844 4479 1126 4545 Commentarius
1150 4479 1187 4542 in
1209 4479 1380 4558 epistolas
1403 4481 1434 4544 b.
1450 4478 1548 4543 Pauli
1571 4488 1683 4560 apost

492 4592 512 4653 i.
540 4593 571 4653 1·
606 4589 710 4651 »Ecce
734 4588 892 4664 descripsi
916 4586 970 4647 tibi
994 4601 1067 4646 eam
1095 4586 1265 4662 tripliciter,
1300 4585 1392 4647 Pron
1417 4583 1514 4658 XXII,
1538 4583 1627 4664 quod
1649 4585 1787 4646 verbum

385 4681 425 4742 de
453 4681 616 4758 sapiencie
648 4676 871 4754 descripcione
903 4673 1035 4734 dicitur«
1062 4673 1095 4727 Χ
1117 4670 1138 4733 i.
1160 4667 1244 4732 '167³’
1277 4671 1507 4734 »confirmetur
1536 4675 1568 4733 in
1591 4675 1733 4751 presenti
1757 4677 1789 4733 et

384 4767 492 4830 tuturo
515 4769 679 4844 prestante
703 4762 791 4824 dom.
817 4765 930 4822 nostro
953 4758 979 4820 J.
1004 4757 1091 4832 Chr„
1115 4761 1167 4819 cui
1191 4767 1241 4819 est
1265 4759 1371 4820 bonor
1393 4766 1426 4820 et
1446 4759 1549 4838 gioria
1572 4762 1604 4820 in
1629 4775 1695 4820 sec.
1720 4773 1788 4820 sec.

383 4856 523 4916 Amen«

492 4977 525 5032 ln
548 4977 598 5033 iol.
622 4975 752 5046 adligato
782 4975 875 5029 notati
902 4977 982 5042 sunt,
1010 4971 1136 5044 »quibus
1159 4971 1321 5026 inhibenda
1344 4978 1389 5027 est
1411 4986 1497 5028 sacra
1519 4970 1720 5030 communio!
1755 4969 1788 5026 In

386 5067 488 5122 eodem
513 5064 563 5120 iol.
586 5077 672 5119 verso
696 5061 823 5118 occurrit
846 5061 972 5132 pretium
996 5058 1086 5115 libri:
1113 5073 1183 5129 »pro
1206 5055 1318 5113 XXXV
1341 5075 1403 5130 gr..

1068 5279 1115 5329 182
