4004 5966
890 559 953 620 293

325 767 345 830 1.
369 763 553 828 621-1281ι
576 765 732 846 (impigri
754 766 888 829 Alberti
911 765 1029 845 Magni
1062 765 1105 846 (l)
1129 765 1235 829 Liber
1255 782 1373 828 rerum
1397 768 1618 836 naturalium.

224 852 292 914 »De
317 859 442 932 septem
467 854 654 932 regionibus
678 871 786 914 sermo
809 854 979 931 generalis.
1016 852 1056 914 Et
1080 857 1184 932 primo
1208 853 1383 914 dicendum
1408 860 1459 915 est
1482 855 1523 915 de
1547 871 1620 935 sep·

221 947 286 1002 tem
310 941 496 1018 regionibus
519 944 621 1001 aeris«
649 943 681 998 ><
707 948 758 1001 »et
780 941 843 1001 hoc
868 941 1039 1019 probatum
1062 938 1121 1000 luit
1145 957 1186 1001 ex
1209 941 1365 1001 mandato
1390 939 1539 1002 Friderici
1563 947 1621 1003 irn-

222 1031 378 1106 peratorls
401 1031 529 1088 nunciis
553 1031 584 1088 in
608 1027 672 1088 hoc
695 1027 824 1088 directis
848 1033 908 1088 etc.
934 1031 1095 1106 presentis
1126 1027 1263 1088 Amen«
1310 1025 1374 1101 (De
1409 1033 1542 1090 auctore
1578 1029 1618 1090 cl.

221 1115 361 1192 Czerny‚
387 1114 455 1176 Cat.
480 1114 553 1174 cod.
578 1113 715 1176 Florian.
740 1132 771 1192 p.
795 1112 884 1188 217.)

326 1217 346 1279 1.
375 1215 576 1279 1291)-132ι
600 1217 702 1279 Index
725 1222 833 1296 operis
857 1217 1091 1296 praecedentis

326 1341 359 1398 ln
382 1341 400 1402 l.
428 1343 501 1398 132·
523 1343 596 1398 haec
620 1349 690 1397 nota
713 1343 842 1399 occurit:
877 1342 982 1398 »Liber
1005 1341 1173 1396 monasterii
1197 1343 1304 1396 domus
1327 1357 1351 1400 s.
1376 1341 1470 1412 Egidii
1494 1345 1616 1399 canoni-

222 1443 323 1484 carum
347 1430 521 1498 regularium
544 1431 574 1484 in
596 1427 749 1500 Trzyebon
772 1430 860 1484 dutus
882 1444 932 1499 per
955 1429 1034 1483 dom.
1058 1426 1268 1482 Wenceslaum
1292 1430 1441 1498 quondam
1458 1429 1616 1500 plebanum

221 1517 251 1570 ln
287 1513 427 1572 Lomnicz
462 1531 542 1572 nunc
576 1523 673 1571 autern
708 1517 885 1572 canonicum
909 1515 1098 1586 regularem«
1124 1513 1160 1574 A.
1189 1515 1269 1570 1609
1294 1516 1388 1570 codex
1414 1516 1483 1576 bibl.
1507 1516 1619 1572 Rosen-

226 1603 372 1672 bergicae,
394 1603 463 1658 dein
486 1603 589 1658 ilerum
613 1601 783 1658 monasterii
806 1600 1005 1658 iiebonensis
1029 1600 1092 1662 luit.

327 1787 407 1868 292
841 1787 872 1862 I.
901 1786 945 1861 G.
974 1787 1036 1862 16.

223 1928 331 1990 chari.
354 1946 442 1990 saec.
465 1925 534 1989 XV
554 1930 601 2002 (a.
624 1927 711 1990 1458
733 1931 762 1989 el
783 1926 846 2008 sq.)
861 1927 902 2010 ff.
925 1927 1001 2002 340,
1022 1926 1110 1988 22><
1126 1927 1167 1988 15
1187 1945 1250 1988 cm.
1275 1927 1306 1987 d.
1330 1946 1374 1990 m.

327 2049 347 2110 1.
376 2049 495 2112 1-12·
526 2055 681 2125 (anepigr,
714 2069 781 2110 cum
800 2053 915 2109 initium
946 2053 1035 2122 desit)
1074 2047 1233 2126 Epistola
1267 2050 1349 2111 data
1390 2051 1621 2127 praedicatori

223 2134 387 2213 Pragensi
411 2137 452 2198 de
475 2137 711 2199 inobedientia
734 2142 768 2199 et
791 2136 1035 2198 communione
1059 2137 1124 2197 sub
1147 2141 1293 2214 utraque
1324 2137 1454 2216 (eadem
1478 2143 1575 2218 atque
1598 2139 1619 2201 1.

223 2221 258 2283 B.
288 2222 367 2284 161.
393 2223 444 2296 81,
469 2222 556 2284 291.
584 2225 631 2298 11,
655 2223 695 2285 G.
723 2224 761 2286 14
783 2224 804 2284 i.
832 2223 915 2298 135).
944 2221 1063 2284 »Finivi
1088 2222 1143 2284 ier.
1167 2223 1193 2285 11
1209 2229 1284 2284 ante
1300 2224 1474 2302 Augustini
1491 2243 1519 2286 a.
1540 2223 1622 2286 1458

224 2313 255 2370 in
279 2308 597 2372 erichsltirichen.‹

328 2413 349 2474 1.
377 2411 535 2477 121-16Β
558 2412 661 2475 Notae
685 2417 792 2474 variae
817 2413 1027 2490 theologicae,

328 2516 349 2578 1.
377 2517 534 2582 172-—33'¹
559 2518 746 2580 Sermones
770 2516 908 2578 diversi.
955 2516 1096 2590 (Passim
1131 2523 1306 2578 occurrunt
1329 2519 1474 2580 rubricae
1497 2537 1624 2598 germa-

225 2607 403 2764 ELcnaedne‘x).
420 2623 466 2682 gr.
483 2610 514 2666 in
531 2605 551 2665 1.
576 2601 651 2665 25¹³:
679 2603 726 2666 »Ο
750 2604 806 2665 dw
828 2604 1061 2682 vngelaubiger
1084 2609 1204 2678 tarnan,
1228 2621 1296 2666 nun
1322 2606 1411 2666 siech
1429 2611 1514 2666 mein
1531 2623 1625 2667 wun-

329 2793 349 2856 l.
374 2789 536 2856 33b—38b
563 2793 613 2856 »S.
638 2793 826 2872 Augustini
848 2793 1035 2873 Speculum
1058 2793 1203 2856 mortis«
1229 2793 1350 2874 (vulgo
1380 2796 1511 2858 dictum
1543 2795 1625 2875 Spe-

225 2880 342 2942 culum
368 2880 592 2959 peccatoris).

328 2984 349 3045 1.
372 2983 535 3046 39⁸-—50b
558 2985 748 3048 Sermones
780 2985 911 3048 diversi
932 2990 1086 3065 (quorum
1117 2989 1221 3064 primo
1251 2985 1437 3064 adscriptus
1461 3004 1489 3048 a.
1515 2983 1624 3065 1458).

225 3174 245 3235 3
311 3089 349 3236 ti.
374 3089 536 3151 512-62·
559 3088 740 3152 Tractatus
764 3091 806 3151 de
829 3090 1053 3167 poenitentia.
1080 3089 1188 3169 »Quot
1211 3095 1451 3152 sentenciarum
1482 3087 1539 3153 lV⁰
1562 3092 1623 3152 dis.

250 3201 263 3228 ‹
291 3193 351 3236 ee.

330 3278 350 3340 1.
374 3276 558 3341 642—3401’
581 3280 770 3343 Sermones
794 3280 836 3342 de
857 3286 1016 3358 tempore
1040 3286 1074 3342 et
1097 3282 1140 3343 de
1162 3281 1306 3344 sanctis.
1341 3280 1408 3342 »De
1432 3299 1457 3342 S.
1483 3280 1625 3342 Martino

225 3383 268 3428 ex
291 3365 475 3428 Contracto.
501 3367 663 3428 Levemus
687 3368 787 3428 eorda
809 3373 940 3428 nostra«
967 3369 1000 3425 ><
1026 3367 1227 3430 »dummodo
1259 3385 1320 3428 sua
1351 3369 1524 3430 mendacia
1547 3385 1623 3429 con-

225 3453 389 3514 firmatur«
415 3462 475 3516 etc.
500 3455 588 3528 (linis
612 3454 728 3528 deest).

329 3560 362 3615 In
386 3561 406 3621 1.
431 3561 492 3616 325
517 3569 544 3617 et
568 3561 626 3617 alio
649 3562 698 3621 iol.
738 3562 858 3622 membr.
893 3562 1031 3633 operculo
1065 3561 1146 3622 infer.
1181 3563 1310 3632 adligato
1345 3565 1471 3618 occurrit
1505 3563 1624 3632 quidam

229 3647 415 3718 »Stephanus
438 3647 585 3720 Schyessz
609 3655 781 3719 cooperator
803 3648 834 3703 in
856 3647 1051 3704 Zisterstorll«
1076 3664 1233 3719 possessor
1255 3649 1368 3704 codicis
1399 3667 1426 3710 a.
1455 3649 1546 3708 1489,
1591 3648 1624 3703 In

226 3736 364 3806 operculo
387 3735 469 3796 infer.
493 3752 511 3790 a
534 3736 681 3790 vermibus
703 3736 789 3790 valde
812 3749 932 3790 corroso
957 3741 1042 3790 vacat
1065 3735 1192 3804 loculus,
1217 3751 1275 3805 quo
1298 3739 1396 3806 imago
1413 3737 1558 3807 quaedam
1580 3736 1626 3790 vel

227 3821 363 3892 reliquiae
387 3828 481 3882 sanct.
505 3824 654 3892 quondam
677 3829 760 3876 erant
780 3823 923 3882 inclusae.

330 4006 411 4089 293
841 4007 869 4082 I.
901 4006 946 4081 G.
974 4007 1036 4082 17.

227 4149 418 4210 membran.
440 4166 528 4211 saec.
552 4145 638 4208 XIV
647 4145 694 4228 ff.
717 4147 773 4223 87,
794 4147 937 4209 23><16
959 4165 1021 4208 cm.
1045 4147 1077 4210 d.
1100 4166 1145 4210 m.

331 4271 351 4332 1.
381 4271 463 4332 1-4
485 4269 713 4332 calendarium
738 4271 1007 4342 ecclesiasticum,
1038 4274 1125 4332 initio
1149 4275 1181 4330 et
1203 4274 1235 4331 in
1260 4270 1325 4332 fine
1357 4287 1521 4332 mancum.
1546 4271 1624 4344 (De-

228 4364 306 4420 sunt
328 4375 461 4420 menses
484 4357 555 4419 Jan.
580 4357 672 4420 Febr.
696 4356 777 4418 Nov.
806 4356 900 4430 Dec.)

331 4463 351 4524 1.
376 4462 484 4523 6-79
505 4460 721 4541 Hymnarius
744 4479 772 4523 s.
796 4460 974 4524 Ambrosii
998 4462 1104 4538 episc.
1134 4460 1419 4523 Mediolanensis.

332 4566 351 4630 1.
376 4567 504 4628 80-87
529 4570 606 4640 (init.
631 4571 725 4640 deest)
759 4565 990 4644 Fragmentum
1026 4565 1293 4627 benedictionalis
1327 4571 1359 4626 et
1389 4564 1535 4625 officium
1567 4582 1625 4644 pro

228 4654 391 4716 defunctis
414 4659 446 4714 in
470 4655 535 4715 line
559 4653 717 4714 mutilum.
741 4653 788 4726 (ln
812 4653 832 4714 1.
857 4653 916 4714 80·
940 4657 1050 4730 incipit
1074 4653 1289 4714 »benediccio
1313 4653 1484 4725 cuculle‹).

333 4761 407 4816 Cum
431 4776 530 4816 mense
554 4761 689 4830 Augusto
713 4761 828 4820 calend.
852 4765 1115 4815 commemorentur
1148 4761 1254 4815 festum
1288 4761 1407 4830 spineae
1442 4773 1567 4814 coronae
1602 4764 1630 4812 et

229 4850 327 4905 obitus
353 4848 506 4903 »Ottakan'
529 4853 605 4918 regis
628 4846 767 4902 Bohemie
800 4847 964 4901 fundatoris
989 4849 1113 4914 nostri«,
1138 4863 1323 4918 nequaquam
1342 4847 1465 4901 dubium
1481 4853 1534 4914 est,
1558 4847 1629 4916 quin

228 4937 301 4992 liber
322 4940 459 4990 exaratus
482 4935 521 4990 sit
544 4949 602 5004 pro
624 4932 821 4988 monasterio
844 4948 869 4994 e.
894 4931 1041 4988 Coronae
1064 4935 1094 4988 in
1117 4933 1266 5002 Bohenria,
1298 4934 1352 4989 etsi
1383 4933 1465 4988 nulla
1487 4933 1519 4987 fit
1541 4932 1628 4987 huius

228 5024 268 5078 rei
292 5025 400 5078 mentio
423 5024 454 5076 in
477 5023 589 5079 codice.
613 5020 644 5081 F.
670 5012 725 5075 641,
748 5027 776 5075 et
800 5019 854 5076 65·
875 5023 1015 5091 rescripta
1037 5026 1106 5076 sunt
1130 5035 1158 5080 a.
1186 5021 1277 5080 1600.

271 5225 424 5286 includit:
443 5239 496 5284 cut.
512 5239 568 5282 cod.
587 5239 630 5283 lut.
911 5239 959 5292 129
1477 5238 1490 5280 o
