3972 5958
784 535 1094 632 A*

340 733 428 816 442
691 738 763 814 Ill.
792 739 829 814 C.
857 738 917 814 11.
948 757 1047 822 (1:11.
1068 761 1091 808 1.
1111 773 1137 810 u.
1154 761 1209 822 55.)

231 881 343 944 chart.
367 896 454 942 saec.
479 879 534 941 XI
539 877 643 940 V-X
647 876 675 938 V
683 879 730 960 ff.
753 879 828 954 200,
850 879 992 942 30><22
1014 899 1077 944 cnr.
1101 883 1133 943 d.
1149 901 1194 944 m.

343 1003 362 1064 1.
392 996 533 1063 1-1482’
554 999 677 1063 Jacobi
691 1000 734 1063 de
755 999 929 1079 voragine
951 1002 1160 1064 Sermonum
1174 1004 1217 1065 de
1229 1003 1361 1066 sanctis
1373 1020 1455 1082 pars
1468 1006 1631 1068 secunda.

231 1093 364 1161 (Sermo
387 1089 398 1150 Ι
422 1093 454 1150 in
478 1105 582 1150 coena
605 1088 737 1160 domini,
761 1088 893 1148 ultimus
917 1089 1007 1149 des.
1031 1088 1181 1163 Jacob0.)
1206 1089 1362 1169 »Explicit
1385 1093 1533 1152 secunda
1557 1109 1632 1170 pars

232 1179 274 1240 de
298 1181 422 1240 sanctis
445 1174 557 1238 Jacobi
582 1175 623 1235 de
646 1172 837 1252 Voraglne.‹

342 1264 361 1324 i.
391 1261 592 1324 1492-200·
615 1259 802 1339 (lobannis
825 1262 867 1322 de
882 1260 1068 1340 Tambaco)
1080 1261 1261 1324 Tractatus
1278 1263 1320 1324 de
1335 1258 1470 1326 deliciis
1481 1265 1634 1341 paradisi

230 1349 465 1425 sensualibus,
488 1348 627 1411 oblatus
657 1347 829 1410 Clementi
859 1363 977 1426 papae.
1006 1347 1057 1409 »ln
1081 1349 1203 1411 deliciis
1227 1349 1368 1427 paradisi
1393 1350 1443 1410 dei
1467 1349 1573 1412 luisti«
1600 1355 1632 1410 ><

235 1437 342 1500 »Finis
378 1443 571 1499 tractatuum
608 1435 648 1494 de
687 1435 896 1495 sensualibus
927 1435 1049 1496 deliciis
1084 1436 1255 1512 paradisi«
1295 1437 1467 1511 (Particula
1501 1438 1633 1500 inferior

230 1527 331 1588 ultimi
357 1523 421 1585 lolii
445 1523 597 1584 abscissa
620 1525 694 1594 est.)
719 1519 766 1582 De
790 1527 922 1582 auctore
945 1539 975 1581 v.
1000 1520 1136 1583 Fabricii
1161 1521 1240 1582 Bibl.

333 1693 423 1776 443
684 1692 755 1767 III.
787 1691 821 1768 C.
849 1693 910 1767 12.
939 1708 984 1772 <x
1003 1708 1038 1762 11.
1060 1711 1082 1760 ι.
1101 1710 1200 1774 aaa)

226 1837 336 1898 cirort.
359 1853 447 1898 saec.
470 1832 557 1896 XIV
567 1830 617 1911 ss.
639 1832 714 1904 112,
737 1831 910 1894 29·5><22
933 1849 995 1894 can.
1019 1832 1052 1894 d.
1075 1849 1119 1894 m.

335 1956 469 2020 Alberti
489 1956 532 2018 de
554 1954 673 2018 Padua
693 1953 881 2016 Sermones
903 1955 946 2016 de
968 1953 1110 2016 sanctis.

336 2061 356 2122 i.
386 2063 416 2122 1²
440 2058 571 2131 (Sermo
595 2059 635 2120 de
660 2075 686 2119 S.
711 2059 856 2131 Andrea)
871 2058 1079 2119 »Ascendam
1102 2063 1134 2119 ln
1159 2060 1319 2137 palmam«
1339 2061 1372 2118 ><
1388 2059 1409 2120 i.
1437 2060 1514 2120 112ει
1536 2064 1627 2139 (post

225 2150 369 2211 tabulam
393 2153 620 2210 contentorum
654 2146 922 2224 alphabeticum)
948 2143 1106 2223 »Explicit
1127 2146 1205 2206 liber
1234 2148 1402 2208 sollemnis
1426 2147 1468 2207 de
1491 2153 1625 2221 sanctis

225 2240 280 2316 qui
312 2235 422 2296 linitus
455 2241 505 2294 est
536 2250 592 2312 per
626 2229 874 2294 Guntherum.«
899 2230 1083 2306 (Recentior
1107 2248 1225 2293 manus
1258 2234 1402 2295 addidit:
1437 2234 1557 2295 Alberti
1581 2236 1622 2296 de

226 2323 362 2394 Padus)

333 2427 425 2482 Vetus
449 2429 523 2498 sign.
548 2427 613 2487 libr.
633 2425 735 2486 ⁴Carol.
759 2425 799 2496 M,
825 2427 874 2485 21.
899 2425 934 2486 K.

326 2593 419 2676 444
680 2593 752 2669 III.
783 2593 820 2669 C.
848 2594 910 2668 13.
939 2609 984 2677 (Υ.
1003 2610 1037 2661 11.
1059 2612 1081 2661 t.
1100 2626 1126 2660 n.
1143 2611 1198 2675 si.)

220 2739 329 2799 chart.
353 2755 386 2798 a.
409 2735 583 2798 1412-13
593 2733 639 2817 ff.
662 2735 728 2797 273
750 2753 841 2796 irritu.
866 2733 921 2816 (4-
943 2735 965 2795 2
987 2753 1054 2796 aon
1077 2734 1194 2815 nerlu),
1215 2735 1356 2797 30)(21
1382 2753 1444 2797 cm.
1469 2738 1487 2797 1
1511 2755 1555 2798 m.

330 2857 350 2918 l.
386 2857 529 2920 1-176·
558 2855 732 2936 (liugonis
761 2856 1085 2935 argentoratensis)
1116 2855 1369 2934 Compendium
1404 2858 1621 2936 theologicae

219 2945 390 3009 veritatis.
423 2944 540 3017 (ludex
573 2948 682 3022 operis
716 2949 767 3004 est
789 2949 821 3005 in
845 2943 864 3002 2
888 2942 941 3004 iol.
966 2945 1236 3021 praecedentibus
1267 2961 1334 3006 non
1357 2960 1457 3016 num..
1482 2962 1619 3025 quorum

219 3039 251 3094 in
275 3033 374 3093 altero
409 3035 520 3104 etiam)
553 3030 684 3108 »Incipit
714 3031 869 3108 prologus
892 3047 919 3090 c.
945 3031 988 3091 th.
1012 3047 1077 3090 ver.
1124 3029 1274 3093 Veritatis
1309 3032 1489 3110 theologice
1517 3033 1614 3093 subli-

219 3124 334 3180 mitas«
360 3119 393 3175 ><
420 3117 575 3196 »Explicit
604 3116 835 3194 compendium
860 3117 904 3178 th.
927 3133 993 3177 ver.
1017 3134 1046 3178 a.
1071 3117 1100 3178 d.
1129 3115 1212 3178 1412
1234 3119 1373 3180 sabbato
1404 3124 1479 3197 post
1502 3119 1620 3181 Katha-

217 3211 296 3276 rine,
320 3212 352 3267 et
375 3211 451 3267 tunc
475 3203 534 3265 luit
556 3219 697 3282 magnus
719 3211 868 3264 ventus.»

325 3307 346 3370 i.
375 3303 575 3370 lior-liuh
599 3306 726 3368 Versus
749 3307 789 3367 de
814 3313 1037 3370 sacramentis.
1062 3305 1235 3370 Orationes
1259 3309 1344 3370 duae
1368 3325 1395 3370 s,
1420 3309 1575 3371 Anselmi.

326 3411 346 3474 i.
375 3409 578 3474 1781-197·
602 3409 638 3472 B.
662 3409 806 3472 Eusebii
829 3409 978 3488 epistola
1000 3410 1043 3471 ad
1076 3409 1268 3473 Damasum
1290 3411 1523 3476 Portuensem
1546 3413 1615 3491 epi·

215 3516 363 3578 scopum
385 3504 421 3560 et
443 3498 487 3560 ad
501 3496 740 3559 Theodomum
762 3502 962 3559 senatorem
982 3495 1178 3560 Romanum
1200 3499 1243 3560 de
1266 3503 1379 3561 morte
1400 3498 1616 3579 Hieronymi.

272 3689 305 3752 Η
324 3603 344 3665 i.
373 3601 574 3664 1972-201·
590 3601 623 3663 S.
636 3599 825 3680 Augustini
839 3601 882 3662 ad
898 3602 929 3662 b.
946 3600 1116 3680 Cyrillum
1133 3601 1280 3680 epistola
1294 3603 1337 3665 de
1360 3602 1616 3681 magnificentia

214 3692 246 3754 b.
306 3689 490 3769 ieronymi.

322 3793 341 3855 i.
366 3789 572 3854 2012—217b
605 3791 640 3854 S.
674 3790 795 3870 Cyrilli
828 3790 1138 3871 Hierosolymitaui
1172 3791 1278 3870 episc.
1311 3790 1471 3869 Epistola
1505 3794 1548 3855 ad
1583 3795 1614 3854 b.

211 3879 448 3960 Augustinum
470 3880 513 3942 de
536 3878 714 3940 miraculis
739 3879 767 3939 b.
790 3877 1009 3957 Hieronymi.

210 3972 366 4043 (rubrie.:)
391 3966 514 4028 »Finito
538 3967 619 4026 libro
642 3969 684 4028 sit
706 3967 777 4026 laus
800 3971 833 4026 et
854 3966 956 4044 gloria
979 3964 1119 4030 Christe.

389 4070 474 4134 Sunt
494 4071 610 4132 oculos
633 4070 719 4142 clari,
743 4074 797 4149 qui
820 4074 926 4131 cernis
951 4071 1059 4132 sidera
1081 4076 1259 4149 tamquam.

387 4173 483 4236 Hunc
507 4181 585 4254 puto
608 4178 866 4253 grammaticum,
898 4177 952 4251 qui
982 4191 1116 4236 versum
1138 4179 1296 4236 construit
1319 4179 1448 4236 istum.»

318 4275 863 4340 i.217b-225⁸Johannlst1us
893 4277 1016 4340 Sermo
1047 4280 1090 4339 de
1123 4277 1311 4356 exsequiis.
1344 4277 1451 4341 »Dixit
1483 4277 1611 4339 Martha

207 4365 250 4426 ad
273 4363 405 4426 lesum«
433 4366 467 4422 Χ
492 4369 566 4446 »qui
596 4371 648 4426 est
677 4363 904 4444 suffragiorum
936 4367 1243 4444 principalissimum
1273 4365 1534 4427 fundamentum.
1570 4365 1611 4426 Et

209 4457 256 4514 sic
281 4457 332 4512 est
358 4451 464 4512 finis«

315 4554 337 4618 i.
362 4551 567 4617 225⁸-229l
590 4558 748 4631 (anepigr.)
768 4556 943 4620 lobannis
957 4556 1034 4619 Hus
1049 4556 1231 4618 Tractatus
1246 4557 1289 4619 de
1304 4572 1448 4634 corpore
1464 4553 1608 4619 Christi.

211 4642 489 4721 »inpugnantibus
518 4643 620 4704 verba
650 4645 836 4722 ewangelii‹
863 4647 896 4700 ><
922 4650 973 4705 »et
996 4661 1062 4706 non
1085 4646 1252 4706 maliciose
1275 4661 1315 4704 ac
1337 4647 1473 4705 inaniter
1496 4644 1606 4704 decre-

206 4737 318 4791 tarent.
342 4729 458 4790 Amen.
491 4727 533 4789 Et
554 4732 601 4790 sic
624 4730 762 4790 habetur
782 4730 858 4791 finis
889 4733 986 4791 huius
1010 4732 1214 4809 pulcherrimi
1236 4733 1345 4809 operis
1368 4736 1400 4791 et
1422 4736 1604 4792 ceterorum

205 4833 234 4878 a.
259 4818 290 4877 d.
318 4813 430 4878 iila«
456 4816 545 4889 (edit.
568 4814 712 4878 Norimb.
736 4815 759 4890 1,
786 4816 856 4879 163.
881 4811 1066 4895 FlajshanS,
1091 4815 1208 4880 Sbirka
1232 4834 1333 4896 pram.
1358 4815 1379 4890 1,
1404 4816 1449 4890 2.)

312 4903 334 4964 i.
360 4898 567 4964 22912-23822
598 4901 786 4978 Sermones,
821 4920 910 4964 unus
941 4903 982 4964 de
1006 4904 1221 4979 dedicatione,
1245 4910 1385 4984 quatuor
1407 4903 1448 4964 de
1471 4919 1607 4982 corpore

203 4987 332 5053 Christi.

884 5213 932 5262 173
