4046 5972
1618 601 1639 651 V

241 817 354 886 arium,
390 813 479 892 quod
503 812 618 874 dicitur
646 807 901 892 Vysehradense
936 817 981 886 (n.
1016 812 1124 892 2426),
1160 829 1247 874 saec.
1281 811 1325 874 XI
1359 829 1409 875 ex.
1445 815 1639 876 nitidissime

241 921 421 989 exaratum,
457 917 545 995 quod
568 923 781 978 asseverante
815 917 994 978 honorabili
1017 921 1086 978 viro
1109 921 1272 996 monsign.
1307 916 1401 980 Ferd.
1437 917 1564 980 Lehner
1597 935 1638 979 ex

241 1019 375 1082 oiliclna
409 1026 595 1084 monasterii
631 1019 841 1082 Sazaviensis
876 1037 904 1082 a.
945 1021 1020 1081 1421
1056 1020 1224 1082 aHusitis
1261 1021 1354 1082 diruti
1389 1018 1543 1101 prodiit,⁶)
1579 1021 1637 1082 sed

242 1125 339 1186 nobis
361 1125 491 1186 aliunde
523 1126 643 1204 obtigit.
690 1123 740 1186 Ex
770 1129 970 1186 monasterio
1000 1122 1232 1203 Opatovicensi
1263 1125 1380 1187 eodem
1412 1142 1500 1187 anno
1523 1143 1544 1186 a
1567 1125 1639 1187 Pra-

242 1229 400 1306 gensibus
424 1235 552 1296 exusto,
576 1235 734 1309 quantum
759 1232 871 1300 sciam,
896 1233 1028 1290 unicum
1053 1230 1266 1292 homiliarium
1298 1247 1384 1291 saec.
1408 1229 1464 1290 Xll
1487 1233 1533 1305 (n,
1556 1228 1641 1295 5091

244 1333 413 1394 habemus
460 1333 511 1394 Ex
535 1334 728 1395 bibliotheca
762 1333 959 1394 celeberrimi
984 1333 1131 1394 coenobii
1154 1333 1257 1394 Aulae
1281 1332 1399 1412 Regiae
1422 1351 1454 1394 a.
1483 1332 1565 1395 1420
1587 1350 1641 1394 ex-

244 1439 333 1498 tincti
356 1437 415 1497 sed
439 1443 555 1516 postea
577 1439 745 1500 instaurati
769 1455 809 1498 ne
833 1436 908 1498 illud
941 1435 1072 1516 quidem
1096 1438 1265 1499 bibliorum
1289 1454 1409 1516 eorpus
1434 1435 1638 1499 membrana-

243 1555 338 1600 ceum
373 1556 433 1602 sex
464 1546 637 1614 tomorum,
672 1542 761 1620 quod
784 1548 820 1603 ut
842 1545 1009 1619 pristinam
1042 1543 1271 1620 supellectilem
1309 1543 1460 1603 monachi
1491 1558 1520 1603 a.
1558 1541 1638 1603 1447

243 1661 263 1704 a
297 1645 473 1724 collegiatis
514 1643 727 1708 Nazaretanis
768 1647 980 1720 redemerant,
1021 1647 1063 1707 ad
1098 1661 1160 1707 nos
1194 1649 1347 1724 pervenit.
1393 1645 1444 1706 Ex
1477 1643 1638 1706 insulensi

244 1753 443 1810 monasterio
465 1767 495 1810 a.
523 1748 606 1811 1420
628 1751 734 1811 diruto
768 1755 919 1830 perpauci
954 1751 1096 1823 codices,
1131 1755 1167 1811 ut
1189 1766 1230 1812 ex
1253 1750 1358 1811 indice
1394 1749 1524 1828 patebit,
1559 1765 1634 1810 cum

244 1853 331 1912 libris
354 1857 541 1915 monasterii
566 1872 591 1916 s
616 1855 775 1917 Johannis
813 1857 895 1917 »sub
918 1873 1015 1935 rupe«
1041 1857 1137 1916 nobis
1161 1857 1351 1932 obtigerunt.
1387 1853 1635 1915 Emonasterio

243 1963 353 2018 autem
378 1959 565 2019 monialium
589 1975 615 2019 s.
640 1957 770 2037 Georgii
793 1963 825 2021 in
849 1964 957 2021 castro
991 1959 1144 2038 Pragensi
1174 1959 1370 2020 luculentam
1405 1957 1556 2018 codicum
1589 1961 1637 2020 in·

244 2061 356 2138 primis
393 2061 611 2139 liturgicorum
646 2067 774 2141 copiam
809 2063 1019 2136 obtinuimus,
1044 2080 1062 2124 e
1086 2063 1205 2141 quibus
1239 2062 1271 2122 hi
1306 2064 1448 2122 maxime
1483 2065 1636 2134 eminent,

243 2181 328 2244 quos
352 2163 565 2244 Cunegundis
588 2167 765 2238 abbatissa,
790 2163 966 2246 Piemyslai
991 2165 1118 2229 Otaeari
1132 2166 1165 2228 ll.
1191 2171 1276 2245 regis
1292 2167 1358 2228 iilia
1381 2164 1636 2240 (1302-1321),

244 2270 436 2331 scribendos
460 2273 592 2332 curavit.
617 2271 659 2331 At
681 2271 722 2331 de
745 2272 809 2332 hoc
832 2275 1030 2332 monasterio
1053 2270 1135 2332 inira
1158 2272 1316 2343 dicemus,
1340 2285 1458 2348 nempe
1481 2273 1533 2330 cui
1557 2270 1639 2331 bella

244 2373 284 2434 de
309 2375 461 2452 religione
484 2381 578 2452 gesta
608 2382 828 2453 pepercerant,
866 2374 925 2436 sed
959 2378 1069 2454 iniqua
1102 2381 1250 2453 tempora
1283 2378 1462 2453 posteriora
1495 2377 1638 2435 animam

244 2481 459 2540 extinxerunt.
507 2477 666 2541 Codicum
691 2483 761 2540 eius
791 2480 843 2540 hic
874 2483 1072 2540 mentionem
1096 2485 1266 2558 propterea
1288 2478 1436 2554 lecimus,
1461 2479 1549 2557 quod
1574 2494 1639 2537 ma·

243 2587 366 2643 ximam
390 2591 513 2661 partem
538 2587 627 2660 prius
651 2587 772 2644 exarati
796 2591 882 2658 sunt,
906 2599 1005 2662 quam
1022 2587 1167 2644 instituta
1183 2589 1233 2644 est
1248 2585 1442 2644 universitas
1456 2581 1637 2661 Pragensis,

244 2688 284 2748 de
309 2691 403 2748 cuius
427 2687 694 2748 bibliothecarum
719 2692 861 2767 pristinis
896 2689 1058 2748 thesauris
1082 2692 1114 2748 et
1137 2689 1363 2767 praesentibus
1386 2687 1527 2766 reliquiis
1552 2700 1638 2746 nunc

244 2792 357 2852 dicturi
382 2807 509 2853 sumus

349 2935 589 3000 Convertamus
613 2941 706 3015 igitur
739 2943 886 3001 animum
909 2939 951 3000 ad
986 2940 1133 3018 insignes
1167 2939 1285 3012 sontes,
1310 2939 1470 3019 equibus
1505 2940 1639 2997 interce·

245 3044 342 3104 dente
366 3040 528 3104 Societate
551 3041 631 3102 Jesu
654 3043 805 3104 librorum
830 3061 929 3105 manu
954 3048 1145 3123 scriptorum
1170 3045 1368 3122 opulentiam
1391 3043 1574 3112 hausimus,
1598 3038 1640 3099 ad

244 3149 453 3225 collegiorum
477 3151 694 3208 universitatis
725 3145 897 3226 Pragensis
928 3151 1079 3226 pristinas
1111 3147 1332 3208 bibliothecas.
1379 3144 1537 3204 Memoria
1558 3146 1641 3203 enim

245 3251 421 3312 tenendum
457 3257 554 3330 atque
592 3257 705 3312 contra
742 3249 858 3312 lalsam
897 3251 1056 3314 Hanslikii
1095 3256 1281 3331 opinionem
1320 3252 1352 3324 (l.
1376 3267 1404 3311 c.
1439 3248 1486 3320 16,
1510 3246 1562 3320 33,
1586 3247 1642 3320 41)

245 3355 365 3416 fortiter
387 3355 629 3417 defendendum
665 3363 716 3416 est
748 3358 948 3435 temporibus
982 3359 1123 3437 antiquis
1146 3370 1253 3434 usque
1287 3355 1381 3417 ada.
1410 3351 1501 3428 1638,
1535 3356 1637 3412 immo

245 3476 350 3539 usque
374 3459 468 3520 ada.
497 3459 577 3521 1777
601 3461 722 3520 nullam
745 3459 848 3521 fuisse
871 3465 969 3522 totius
993 3464 1211 3522 universitatis
1244 3459 1470 3520 bibliothecam
1495 3473 1642 3518 commu·-

245 3581 330 3630 nem,
370 3563 428 3624 sed
468 3580 562 3625 suam
601 3563 755 3643 quodque
793 3565 963 3643 collegium
1006 3565 1253 3626 administrasse
1299 3555 1565 3634 bibliothecam⁶),
1611 3564 1643 3620 et

246 3672 396 3747 quamvis
420 3672 544 3746 passim
568 3667 632 3746 (ex.
663 3685 709 3746 gr.
733 3673 766 3729 in
796 3668 869 3730 Joh.
904 3667 1062 3749 Campani
1098 3665 1303 3745 Calendario)
1338 3667 1406 3726 libri
1440 3663 1641 3726 universitati

247 3773 358 3832 donati
380 3773 432 3832 vel
456 3773 549 3848 legati
572 3779 878 3846 commemorentur,
913 3775 1018 3834 ubivis
1055 3775 1199 3834 denotari
1234 3771 1363 3848 singula
1395 3771 1539 3847 collegia,
1575 3785 1641 3828 non

248 3883 348 3938 totam
372 3879 624 3938 universitatem.

350 4022 434 4084 lnter
456 4024 537 4084 haec
562 4023 696 4100 collegia
719 4028 856 4101 primum
882 4025 990 4085 locum
1015 4041 1145 4103 semper
1167 4023 1334 4085 obtinebat
1356 4023 1526 4100 collegium
1543 4018 1642 4082 Caro·

246 4130 346 4190 linum
370 4128 422 4189 vel
445 4125 611 4205 Magnum,
637 4131 707 4187 sine
731 4127 830 4189 dubio
854 4132 918 4188 iam
934 4129 976 4190 ab
1001 4133 1088 4190 initio
1104 4129 1257 4190 librorum
1281 4128 1477 4205 supellectile
1502 4123 1642 4203 quadam

246 4237 449 4303 instructum,
484 4234 629 4308 inprimis
664 4236 772 4291 autem
796 4249 825 4292 a.
854 4231 937 4294 1370
969 4235 1011 4294 ab
1046 4237 1118 4312 ipso
1152 4230 1324 4293 fundatore
1358 4232 1446 4291 libris
1480 4228 1642 4288 Wilhelmi

248 4337 322 4398 olim
355 4337 471 4398 decani
501 4331 782 4415 Wysehradensis
816 4343 948 4398 auctum
983 4346 1080 4418 atque
1115 4338 1261 4397 ditatum.
1308 4333 1464 4413 Superest
1498 4334 1641 4393 librariae

248 4439 419 4503 Carolinae
443 4443 611 4518 catalogus
635 4441 732 4518 paulo
756 4442 939 4518 posthanc
975 4441 1183 4503 donationem
1208 4443 1423 4500 concinnatus
1447 4443 1478 4498 et
1501 4437 1643 4516 aliquan·

246 4605 454 4616 ——-

364 4695 390 4776 ⁵)
415 4704 498 4764 Ferd.
521 4703 643 4776 Lehner,
667 4686 764 4760 Cesira
788 4701 873 4762 skola
896 4701 1044 4773 maliiskri,
1068 4705 1090 4761 l.
1115 4721 1158 4761 sv.
1184 4721 1202 4760 v
1226 4705 1313 4760 Praze
1340 4702 1429 4760 1902.

363 4801 391 4879 6)
414 4809 593 4865 Sententiam
628 4811 704 4864 hanc
739 4826 921 4881 nequaquam
956 4810 1108 4881 impugnat
1142 4811 1296 4880 castigatio
1331 4807 1372 4866 M.
1406 4805 1574 4861 Wenceslai
1609 4805 1644 4859 de

248 4892 396 4951 Kilianov
430 4912 480 4968 per
502 4895 542 4952 M.
566 4895 730 4952 iohannem
765 4899 800 4952 de
834 4896 925 4968 Praga
960 4904 1109 4964 rectorem,
1133 4898 1213 4968 quod
1236 4896 1326 4951 libros
1350 4893 1485 4949 Nationis
1508 4909 1534 4950 a.
1565 4891 1638 4946 1461

248 4998 308 5038 non
327 4984 488 5054 reposuerit
504 4982 599 5052 (Mon.
615 4983 682 5038 hist.
708 4989 787 5039 univ.
810 4982 892 5054 Prag.
915 4983 963 5046 ΙΙΙ,
989 4984 1061 5056 50);
1085 4999 1153 5039 nam
1176 4989 1247 5038 tunc
1263 4988 1356 5037 rector
1371 4997 1431 5036 non
1447 4978 1642 5050 procuratoris

247 5071 299 5125 sed
321 5070 428 5126 iudicis
449 5071 548 5127 officio
571 5070 689 5126 iunctus
712 5078 765 5126 est.
