4046 5972
367 513 391 564 X

369 731 402 788 in
425 730 498 805 ipsa
521 723 720 804 praefatione
744 724 881 802 catalogi
916 725 1040 803 collegii
1073 725 1209 804 angelici
1244 731 1353 803 aperte
1387 723 1596 798 suadebatur,
1632 730 1668 786 ut
1701 725 1770 786 llbri

371 831 614 891 membranacei
636 833 764 889 veteres
788 829 963 906 illegibiles,
980 835 1143 908 quatenus
1162 832 1294 890 minime
1310 833 1530 900 convenirent,
1554 828 1772 890 venderentur

370 940 404 995 et
426 950 484 1013 pro
508 937 547 994 iis
570 936 646 993 novi
671 937 703 992 et
725 934 868 993 utiliores
890 939 1081 994 emerentur.
1117 931 1210 1012 Quae
1242 945 1318 993 cum
1349 935 1392 994 lta
1422 935 1496 1006 sint,
1528 935 1560 994 in
1590 933 1673 993 allos
1704 949 1771 994 non

372 1036 604 1115 inquirendum
628 1036 687 1096 sed
710 1035 957 1097 assentiendum
980 1043 1031 1098 est
1052 1037 1240 1099 venerando
1269 1036 1415 1111 Balbino,
1446 1041 1501 1116 qui
1534 1039 1775 1114 »manuscripta

372 1141 498 1219 collegii
525 1138 716 1202 Clementini
739 1141 944 1202 accumulata
973 1157 1048 1202 esse
1072 1155 1114 1202 ex
1137 1141 1341 1202 diversarum
1371 1141 1638 1202 bibliothecarum
1662 1143 1773 1215 ruinis,

374 1247 583 1325 potissimum
607 1261 650 1305 ex
673 1248 891 1305 universitatis
914 1243 1083 1306 Carolinae
1117 1245 1329 1306 bibliotheca«
1362 1239 1584 1322 asseverat.¹⁷)
1628 1243 1669 1304 Et
1701 1257 1773 1323 pro-

378 1348 464 1410 iecto
487 1352 613 1409 iustum
637 1351 800 1408 ruinarum
824 1363 944 1408 nomen
967 1352 1123 1427 imposuit
1144 1349 1285 1428 reliquiis
1308 1351 1430 1427 pristini
1453 1351 1597 1426 inprimis
1620 1347 1773 1408 codicum

373 1454 528 1526 thesauri,
564 1467 648 1530 quas
682 1450 825 1512 Jesuitae
862 1449 1054 1514 Clementini
1088 1471 1117 1514 a.
1156 1451 1237 1514 1622
1259 1469 1281 1513 a
1303 1452 1479 1531 collegiatis
1512 1457 1707 1530 acceperant
1739 1456 1771 1511 et

370 1561 526 1618 societate
564 1555 685 1616 abolita
707 1572 736 1617 a.
765 1554 846 1616 1773
885 1555 1097 1617 bibliothecae
1136 1562 1267 1618 nostrae
1302 1555 1508 1616 tradiderunt.
1554 1553 1772 1616 Tradiderunt

371 1665 481 1720 autem
519 1660 616 1721 nobis
652 1662 786 1737 insuper
822 1658 954 1720 codices
991 1661 1121 1721 aliunde
1156 1665 1376 1739 comparatos,
1399 1664 1432 1720 in
1455 1659 1507 1720 his
1541 1661 1714 1738 praecipue
1736 1675 1765 1720 a.

364 1761 649 1825 '1556-1560ex
687 1763 817 1824 deserto
855 1761 1113 1825 Caelestinorum
1148 1767 1346 1825 monasterio
1381 1759 1593 1841 Ojvinensi¹⁸)
1627 1762 1764 1829 ablatos.

366 1873 443 1930 item
468 1867 643 1929 nonnullos
666 1871 748 1943 (non
770 1883 898 1942 omnes,
929 1867 968 1928 ci.
993 1867 1130 1928 Hanslik
1154 1869 1172 1929 l.
1197 1885 1223 1928 c.
1256 1866 1322 1940 69),
1357 1879 1442 1947 quos
1476 1871 1556 1928 socii
1592 1869 1653 1945 ipsi
1687 1881 1764 1926 con·

367 1975 574 2050 scripserant

471 2092 535 2172 Qui
558 2094 693 2154 codices
716 2088 887 2168 omnes¹⁹)‚
911 2108 996 2172 quos
1020 2109 1061 2153 ex
1078 2091 1111 2154 S.
1134 2091 1160 2154 J.
1178 2093 1314 2170 collegio
1338 2089 1541 2155 Clementino
1564 2091 1764 2170 accepimus,

368 2197 538 2275 perscripti
561 2199 694 2257 suntin
718 2197 832 2258 codice
856 2197 994 2275 catalogi
1016 2199 1117 2257 nostri
1145 2195 1226 2258 1685
1250 2197 1313 2258 sub
1336 2197 1443 2258 titulo:
1482 2193 1641 2258 »Codices
1665 2211 1765 2256 manu

369 2301 477 2379 scripti
515 2304 548 2361 in
571 2316 597 2361 c.
623 2318 646 2361 r.
672 2300 866 2361 bibliotheca
903 2299 1025 2378 Pragae
1063 2300 1105 2361 ad
1136 2317 1162 2362 s.
1194 2299 1396 2363 Clementem
1434 2307 1612 2363 exstantes.
1652 2295 1762 2362 ital«

367 2401 452 2464 Huic
475 2405 676 2482 inscriptioni
697 2403 725 2466 J.
748 2399 875 2478 Hanus‚
910 2405 1122 2465 bibliothecae
1146 2410 1277 2466 nostrae
1301 2405 1376 2466 olim
1401 2403 1595 2484 praelectus,
1630 2419 1766 2465 cerussa

366 2507 507 2569 addidit:
558 2505 668 2568 »Nach
698 2506 876 2568 irbemame
904 2507 962 2567 der
991 2508 1168 2569 bibliothek
1200 2525 1277 2569 vom
1308 2508 1560 2587 Jesuitencolleg
1589 2511 1646 2569 mit
1679 2509 1764 2568 alten

367 2613 587 2689 signaturam,
622 2611 711 2691 quod
734 2610 990 2672 additamentum
1015 2611 1203 2690 ambiguum
1235 2619 1294 2674 est.
1340 2609 1423 2674 Nam
1454 2617 1650 2692 signaturae,
1681 2625 1765 2690 quas

366 2715 418 2776 hic
442 2717 610 2794 catalogus
634 2716 773 2783 exhibet,
808 2730 875 2776 non
897 2733 918 2775 a
940 2716 1104 2776 veteribus
1139 2713 1173 2778 S.
1196 2715 1223 2776 J.
1258 2718 1403 2795 patribus
1434 2719 1589 2796 originem
1625 2716 1764 2789 trahunt,

367 2819 427 2880 sed
451 2820 674 2882 attribuendae
699 2824 777 2880 sunt
799 2819 928 2880 cuidam
953 2815 1092 2892 officiali,
1128 2821 1182 2900 qul
1214 2819 1346 2881 codices
1380 2817 1603 2882 clementinos
1638 2825 1713 2898 post
1735 2837 1763 2880 a.

371 2921 454 2984 1770
477 2923 678 2984 ordinandos
701 2929 734 2983 et
756 2922 992 2984 describendos
1016 2923 1172 3002 suscepit.
1203 2923 1276 2985 Hoc
1300 2923 1465 2985 declarant
1494 2925 1679 3002 signaturae
1710 2939 1764 2984 co·

368 3027 477 3088 dicum
502 3031 534 3088 in
559 3027 646 3088 libris
670 3026 901 3088 vetustioribus
932 3033 1141 3088 occurrentes
1175 3032 1240 3102 (ex.
1271 3045 1317 3106 gr.
1341 3031 1373 3090 in
1397 3025 1539 3090 Dobnerl
1574 3025 1662 3088 bion.
1687 3025 1712 3088 ll
1735 3045 1763 3088 a.

370 3129 452 3193 1768
475 3148 506 3209 p.
531 3130 590 3203 61;
614 3133 646 3192 in
669 3130 788 3210 Voigtii
811 3131 902 3192 Actis
926 3132 967 3191 lit.
992 3127 1004 3192 l
1027 3148 1056 3191 a.
1084 3128 1165 3192 1775
1188 3147 1219 3210 p.
1243 3131 1329 3210 230),
1366 3145 1451 3212 quae
1482 3148 1557 3193 cum
1590 3134 1765 3208 signaturis

366 3237 504 3313 catalogi
527 3252 555 3297 a.
584 3233 660 3297 1781
688 3235 863 3313 conscripti
886 3237 1020 3295 omnino
1043 3235 1238 3314 discrepant
1284 3233 1369 3300 Cum
1400 3242 1509 3297 autem
1540 3240 1572 3297 in
1603 3235 1651 3299 lll.
1676 3241 1765 3315 parte

369 3337 405 3399 B.
428 3337 552 3400 Balbini
586 3339 667 3402 Boh.
702 3339 819 3401 doctae
841 3356 862 3399 a
884 3337 920 3402 C.
945 3336 980 3398 R.
1005 3336 1118 3418 Ungar
1139 3357 1167 3402 a.
1196 3339 1279 3404 1780
1313 3341 1418 3402 editae
1452 3347 1624 3403 occurrant
1657 3345 1766 3420 signa-

367 3447 457 3502 turae
481 3457 557 3503 cum
581 3443 645 3503 boc
668 3442 817 3520 catalogo
841 3459 976 3521 prorsus
993 3450 1220 3521 congruentes,
1238 3444 1374 3506 easdem
1390 3443 1559 3506 codicibus
1583 3445 1765 3524 adscriptas

367 3563 443 3606 esse
467 3563 496 3608 a.
525 3544 738 3609 1770-1780
760 3548 849 3608 haud
872 3551 1018 3626 ineptum
1041 3553 1092 3608 est
1115 3548 1272 3626 colligere.
1298 3546 1390 3627 Quas
1413 3548 1631 3628 adscripsisse
1656 3555 1688 3610 et
1711 3565 1765 3609 co-

475 3733 512 3810 ι7)
536 3741 568 3800 Β.
592 3740 708 3798 Balbini
730 3742 803 3800 Boh.
839 3744 926 3800 docta
950 3743 994 3798 ed.
1019 3739 1120 3810 Unger
1141 3739 1189 3810 lll,
1225 3742 1276 3800 70.
1322 3741 1407 3813 Quod
1431 3757 1499 3798 vero
1533 3757 1645 3816 paucos
1675 3743 1766 3800 libros

368 3835 439 3884 tunc
463 3831 493 3883 in
518 3827 655 3884 Carolino
679 3829 857 3900 superfuisse
881 3829 951 3886 dicit
975 3829 1095 3894 (ibidem
1119 3829 1183 3900 73),
1209 3843 1268 3886 non
1292 3832 1329 3884 ad
1353 3830 1472 3884 verbum
1495 3831 1581 3886 debet
1603 3832 1707 3901 accipi.

474 3923 513 4004 18)
536 3931 667 4004 Quorum
690 3934 895 4005 inscriptiones
922 3947 977 3988 »ex
993 3931 1108 4002 Owyn«
1134 3939 1301 4004 supersunt,
1317 3934 1400 3989 latini
1423 3941 1493 3988 sunt
1516 3935 1557 3990 24
1572 3933 1624 4004 (ci,
1640 3935 1767 3990 indicem

367 4019 467 4091 infra).
512 4019 682 4090 Nuperrime
704 4021 748 4075 vir
770 4021 1003 4076 humanissimus
1026 4017 1067 4074 M.
1091 4018 1126 4076 0.
1150 4019 1278 4092 Sauppe,
1313 4019 1459 4091 parochus
1490 4019 1766 4090 Liiclrendorlensis,

368 4109 442 4162 duas
464 4107 605 4162 librorum
629 4107 744 4163 tabulas
768 4107 889 4163 comiter
911 4121 1024 4162 mecum
1048 4107 1285 4175 communicavit,
1316 4122 1391 4178 quos
1415 4123 1442 4163 a.
1471 4107 1550 4163 1556
1574 4107 1604 4164 P.
1628 4108 1766 4164 Caolsius

369 4205 406 4248 ex
431 4196 609 4249 monasterio
633 4192 783 4264 Ojvinensl
807 4193 928 4264 Pragam
959 4197 1124 4250 devexerat.
1170 4192 1247 4249 Libri
1278 4195 1308 4248 in
1339 4194 1375 4250 lis
1397 4191 1507 4249 tabulis
1537 4193 1668 4250 denotati
1699 4201 1767 4250 sunt

366 4279 480 4336 circiter
503 4280 575 4348 280,
599 4283 650 4337 sed
674 4287 733 4337 tam
756 4280 946 4351 iodilegeoter
968 4288 996 4336 et
1018 4277 1114 4352 inepte
1136 4279 1283 4352 descripti,
1306 4287 1339 4336 ut
1362 4293 1397 4336 ne
1420 4293 1510 4336 unum
1535 4283 1653 4352 quidem
1672 4297 1709 4336 ex
1726 4281 1767 4338 24

367 4369 476 4423 nostris
505 4368 658 4424 codicibus
689 4368 729 4423 ibi
759 4368 936 4438 agnoverim.
981 4366 1023 4422 De
1047 4369 1131 4422 tertia
1160 4366 1299 4423 librorum
1322 4379 1359 4422 err
1381 4366 1487 4436 Ojvino
1518 4375 1646 4436 vectura,
1679 4383 1767 4441 quam

367 4469 393 4510 a.
422 4454 502 4512 1560
527 4454 555 4512 P.
574 4453 723 4510 liurtadus
746 4453 831 4510 Perez
854 4453 1022 4526 perfecerat,
1047 4468 1140 4524 neque
1164 4453 1282 4526 Sauppe
1298 4454 1458 4526 quidquam
1477 4457 1591 4526 accepit
1603 4471 1696 4530 neque
1712 4472 1767 4528 ego

370 4541 460 4597 didici
482 4549 595 4613 praeter
618 4543 657 4612 id,
680 4543 759 4612 quod
783 4541 908 4597 Hanslilr
932 4540 1015 4596 refert
1037 4540 1069 4610 (l.
1094 4556 1120 4597 c.
1145 4541 1210 4611 14).

477 4635 514 4720 ¹⁰)
537 4645 612 4702 Data
635 4647 792 4702 occasione
814 4647 862 4701 hic
885 4648 1173 4701 commemorandam
1204 4661 1270 4702 esse
1293 4655 1364 4718 puto
1387 4645 1491 4702 seriem
1515 4647 1650 4704 codicum
1674 4649 1768 4703 hieto·

369 4734 495 4787 ricorum
529 4731 723 4788 bibliothecae
747 4731 956 4803 clementinae,
991 4748 1080 4804 quam
1103 4734 1284 4789 clarissimus
1308 4736 1351 4789 vir
1373 4731 1402 4790 F.
1429 4731 1469 4790 M.
1493 4733 1586 4789 Pelzel
1609 4736 1688 4806 operi
1711 4749 1766 4789 suo

371 4817 596 4889 »Kurzgelasste
619 4819 725 4878 Gesch.
757 4823 785 4877 d.
809 4819 959 4876 Bdhmen‹
987 4818 1008 4888 1,
1040 4818 1113 4890 Prag
1140 4819 1220 4877 1774
1243 4837 1271 4892 p.
1296 4820 1358 4876 654
1390 4822 1505 4877 adiecit.
1550 4819 1582 4876 ln
1606 4836 1663 4891 qua
1694 4821 1766 4876 serie

368 4905 505 4976 perpauci
535 4907 653 4962 codices
688 4914 757 4963 sunt
791 4907 949 4978 signaturis
983 4914 1126 4970 carentes,
1161 4911 1289 4963 attamen
1323 4905 1467 4976 nonnulli,
1502 4908 1551 4978 qui
1582 4923 1661 4962 nunc
1690 4906 1767 4963 desi-

367 4994 515 5052 derantur.
1004 5017 1007 5024 ·
