3972 5958
1031 541 1098 601 440

363 757 479 816 iudicii.
503 753 553 815 De
577 752 711 814 insemo.
738 751 787 813 De
812 750 973 828 paradiso.
1000 747 1048 809 De
1072 749 1189 809 divinis
1212 747 1338 808 officiis.
1385 745 1434 808 De
1460 753 1607 824 tempore
1632 749 1765 822 septua-

361 846 517 920 gesimae.
542 839 592 902 De
615 838 725 900 officio
749 840 1025 899 lamentationum.
1051 834 1128 914 (Qui
1152 836 1268 896 breves
1291 835 1414 894 articuli
1431 832 1577 894 efficiunt
1596 832 1762 911 quandam

365 944 531 989 summam
555 943 614 1006 pro
638 925 841 1004 simplicibus
865 919 1121 998 sacerdotibus.)

466 1046 487 1107 f.
511 1040 719 1107 221b-223b
741 1041 919 1105 Sermones
933 1044 974 1103 de
990 1047 1216 1121 assumptione
1234 1043 1264 1102 b.
1281 1045 1425 1119 virginis
1450 1043 1490 1102 de
1507 1045 1620 1120 spiritu
1638 1049 1764 1105 sancto.

364 1136 406 1194 de
430 1135 565 1211 angelis,
590 1133 681 1193 des
705 1131 839 1191 Jacobo.

466 1253 486 1315 s.
511 1251 715 1313 2242-226·
740 1250 888 1312 »Tabula
922 1250 1150 1311 materiarum
1184 1250 1250 1310 sub
1272 1249 1421 1328 registro
1443 1247 1603 1312 Jacobini
1626 1249 1669 1311 de
1693 1246 1767 1309 Vo-

363 1343 481 1418 ragine
505 1337 846 1418 quadragesimalis·
874 1338 912 1414 ><
947 1335 1104 1414 »Explicit
1137 1338 1246 1397 tabula
1282 1354 1339 1415 per
1372 1353 1492 1398 manus
1530 1335 1607 1398 frat.
1643 1334 1765 1414 Egidii.

367 1427 520 1506 Dobrzye
544 1444 604 1506 sye
629 1427 740 1487 stato«

466 1547 487 1608 i.
512 1545 719 1608 226⁸-23u
742 1545 921 1607 Sermones
944 1545 985 1604 de
1010 1549 1166 1623 passione
1190 1544 1321 1607 Christi.

468 1668 487 1729 i.
513 1661 592 1729 231b
616 1667 769 1745 legenda
792 1668 833 1727 de
857 1685 884 1727 s.
910 1664 1076 1727 Dorothea
1098 1671 1144 1740 (in
1168 1666 1233 1734 fine
1257 1675 1399 1740 manca).

466 1872 558 1956 440
869 1869 939 1946 III.
970 1873 1004 1949 C.
1032 1874 1066 1946 9.
1095 1889 1139 1954 (r.
1159 1889 1180 1940 1.
1207 1891 1230 1939 r.
1250 1905 1275 1939 u.
1293 1887 1352 1950 53.)

364 2015 473 2077 chart.
495 2032 581 2077 saec.
604 2014 693 2078 XIV
711 2032 758 2076 ex.
776 2013 818 2096 ff.
842 2014 906 2078 149
924 2031 1033 2088 sirim„
1054 2012 1193 2076 29><2r
1218 2030 1282 2074 cm.
1306 2014 1337 2074 d.
1361 2031 1406 2075 m.

467 2136 487 2198 t.
516 2133 913 2198 1-104bB.Jonannis
944 2135 1191 2214 chrysostomi
1223 2134 1507 2198 Commentarius
1537 2136 1574 2198 in
1597 2138 1768 2216 epistolas

365 2224 395 2283 b.
418 2222 520 2285 Pauli
543 2224 586 2286 ad
608 2222 796 2284 Hebraeos.
825 2221 1013 2284 »Multilarie
1037 2230 1069 2282 et
1091 2224 1200 2283 multis
1218 2223 1325 2283 modis
1350 2223 1425 2283 olim
1443 2225 1526 2284 deus
1543 2225 1674 2286 locutus
1691 2235 1762 2287 est«

366 2311 405 2386 ><
431 2311 584 2388 »gloriam
607 2309 781 2371 offerentes
804 2311 892 2371 dom.
916 2327 948 2370 n.
971 2309 1051 2370 lesu
1074 2308 1223 2371 Christo«
1245 2357 1251 2368 .
1270 2359 1301 2370 ..

467 2431 488 2491 i.
518 2427 719 2492 1052—11611
741 2435 899 2505 (anepigr.)
921 2430 1113 2493 Sermones
1137 2431 1179 2491 de
1202 2430 1400 2493 animabus.
1427 2429 1575 2492 »hlortuo
1600 2450 1666 2493 non
1691 2451 1767 2512 pro-

365 2519 503 2580 hibeatis
525 2522 686 2595 graciam«
715 2520 753 2593 ><
780 2522 830 2579 »in
854 2534 920 2597 qua
943 2519 1026 2577 deus
1050 2521 1120 2594 ipse
1143 2518 1242 2586 cubat
1275 2523 1307 2576 et
1342 2521 1515 2596 requiescit
1545 2527 1577 2579 et
1600 2525 1705 2598 pascit
1727 2539 1767 2582 ac

363 2621 407 2682 pa
429 2601 504 2680 (sic)
528 2609 770 2682 consequenter
791 2605 925 2665 dicitur«
951 2604 1032 2678 (duo
1055 2603 1168 2663 ultima
1197 2604 1298 2664 verba
1331 2605 1459 2664 calamo
1494 2605 1628 2667 inducta
1663 2613 1765 2682 sunt).

466 2724 487 2784 i.
515 2723 715 2786 1172-148·
736 2722 951 2785 collationes
974 2723 1202 2786 demortuis.
1229 2721 1420 2785 »Dominica
1444 2729 1548 2802 prima
1563 2729 1595 2786 in
1612 2727 1767 2790 adventu.

364 2811 487 2958 Sjsswffi
509 2818 541 2871 et
563 2811 715 2871 adducite
739 2811 834 2870 mihi«
862 2811 894 2866 ><
929 2809 1131 2888 »Expliciunt
1154 2812 1353 2871 collaciones
1379 2811 1420 2870 de
1445 2817 1611 2873 mortuis«
1641 2819 1731 2886 (rubr.
1745 2821 1768 2877 :l

368 2923 381 2950 b
404 2915 434 2958 0,
490 2922 516 2958 ,«

468 3019 488 3080 l.
516 3012 716 3080 1481)--149ι
739 3021 898 3091 (anepigr.)
921 3015 1036 3078 Sermo
1059 3022 1234 3096 incipiens:
1271 3016 1440 3079 »Transite
1463 3018 1507 3079 ad
1531 3035 1582 3080 me
1606 3038 1760 3084 omnes«

466 3142 500 3199 In
523 3144 693 3198 membrana
715 3142 877 3213 praeligata
899 3141 971 3196 haec
995 3149 1065 3196 nota
1081 3157 1187 3198 manus
1204 3157 1282 3198 saec.
1299 3141 1354 3197 XV
1371 3148 1515 3200 occurrit:
1543 3145 1767 3204 »Crisostomus

364 3245 451 3302 super
473 3230 561 3289 Hebr.
584 3229 801 3284 Thomaskonis
825 3228 961 3284 medici«
985 3228 1082 3284 Vetus
1105 3229 1182 3299 sign.
1206 3229 1237 3297 S,
1263 3231 1313 3286 34.

468 3429 545 3511 441
822 3430 895 3506 III.
924 3431 962 3506 C.
989 3431 1050 3506 10.
1078 3446 1125 3511 (Υ.
1142 3448 1177 3499 11.
1197 3451 1219 3498 r.
1240 3465 1265 3499 a.
1283 3451 1338 3512 54.)

365 3571 474 3634 citari.
496 3587 584 3633 saec.
607 3568 676 3632 XV
689 3572 729 3653 ff
752 3571 825 3638 418,
848 3570 927 3633 30¹5
938 3571 1020 3633 ><21
1046 3589 1110 3633 cm.
1135 3571 1166 3634 d.
1190 3590 1235 3632 m.

473 3694 609 3772 (Jacobi
632 3694 674 3756 de
696 3692 885 3772 voragine)
908 3693 1096 3756 Sermones
1119 3694 1161 3756 de
1183 3695 1328 3758 sanctis.

473 3815 494 3876 i.
522 3818 556 3877 1·
578 3813 709 3888 (Sermo
732 3816 773 3875 de
797 3833 824 3876 s.
856 3816 988 3876 Andrea
1019 3821 1166 3894 primus).
1194 3817 1357 3896 »vestigia
1380 3824 1450 3880 eius
1474 3826 1610 3882 secutus
1633 3827 1684 3882 est
1708 3839 1767 3900 pes

366 3919 481 3963 meus«
507 3903 540 3959 ><
570 3902 590 3963 i.
622 3898 704 3963 todi
735 3901 865 3978 (Sermo
900 3902 940 3962 de
972 3904 1160 3978 animabus)
1194 3909 1244 3967 »in
1269 3910 1399 3984 signum
1424 3907 1522 3968 huius
1554 3908 1711 3969 sacerdos
1735 3913 1767 3970 in

366 3994 470 4050 missa
492 3989 634 4050 hostiam
659 3989 771 4050 dividit
793 3993 825 4050 in
849 3995 915 4050 tres
939 3995 1057 4067 partes
1084 3989 1249 4069 Rogemus
1265 3992 1435 4054 dominum
1458 4002 1538 4055 etc«
1564 3993 1771 4074 (Sequuntur

365 4093 484 4137 versus
507 4075 528 4135 6
551 4076 592 4137 de
616 4079 811 4154 purgatorio
836 4076 910 4136 dein
934 4077 1057 4154 aliquot
1078 4094 1180 4138 voces
1204 4080 1320 4140 latinas
1343 4085 1528 4158 germanice
1545 4085 1769 4161 interpretatur

367 4163 483 4238 scriba,
507 4179 559 4223 ex.
582 4179 629 4241 gr.
656 4163 886 4240 »dispensacio
909 4180 974 4242 eyn
997 4165 1285 4243 auspendunge«.)

474 4282 495 4344 l.
519 4280 725 4344 4072—417·
749 4281 851 4343 Index
873 4283 1097 4361 alphabeticus
1122 4287 1386 4362 praecedentium
1412 4305 1613 4352 sermonum.
1639 4291 1698 4350 sed
1715 4307 1767 4351 ca·

367 4387 444 4429 rens
467 4374 562 4430 iustis
586 4373 740 4430 numeris.

474 4490 495 4551 i.
518 4489 726 4552 4172-418·
748 4487 851 4551 Notae
873 4494 983 4551 variae
1008 4491 1222 4568 theologicae.

474 4613 494 4674 l.
518 4609 724 4675 4182-418l’
745 4611 998 4675 vocabularius
1021 4611 1364 4692 latino-germanicus
1388 4617 1443 4690 (de
1467 4634 1533 4696 quo
1557 4616 1597 4679 ct.
1624 4617 1711 4679 lielle
1736 4624 1768 4680 in

367 4701 546 4779 Serapeum
574 4699 656 4762 1860
679 4717 708 4778 p.
737 4699 799 4774 13).

474 4824 594 4896 Utrique
625 4824 764 4896 operculo
795 4824 923 4894 adligata
946 4831 1014 4880 sunt
1045 4823 1207 4895 fragmenta
1230 4827 1349 4885 membr.
1374 4830 1487 4885 codicis
1510 4831 1665 4886 cuiusdam
1689 4846 1768 4886 saec.

367 4911 431 4982 XV,
455 4928 514 4984 quo
536 4912 647 4967 litterae
671 4918 699 4966 et
721 4913 838 4967 decreta
860 4911 1065 4982 (synodaliai)
1088 4912 1292 4983 episcoporum
1318 4913 1606 4974 lVratislaviensium
1619 4945 1661 4958 -
1674 4921 1770 4973 nomi·

367 5007 473 5055 nantur
495 4999 627 5070 episcopi
650 4997 778 5054 Thomas
801 5005 829 5054 et
853 4997 1310 5056 Nonkerus-continebantur.
1336 5001 1428 5058 Vetus
1452 5005 1527 5074 sign.
1551 5003 1587 5074 U,
1613 5003 1664 5060 28.

1046 5219 1093 5268 172
