<?xml version="1.0" encoding="UTF-8"?>
<!DOCTYPE html PUBLIC "-//W3C//DTD XHTML 1.0 Transitional//EN"
    "http://www.w3.org/TR/xhtml1/DTD/xhtml1-transitional.dtd">
<html xmlns="http://www.w3.org/1999/xhtml" xml:lang="en" lang="en">
 <head>
  <title>
</title>
<meta http-equiv="Content-Type" content="text/html;charset=utf-8" />
  <meta name='ocr-system' content='tesseract 3.04.00' />
  <meta name='ocr-capabilities' content='ocr_page ocr_carea ocr_par ocr_line ocrx_word'/>
</head>
<body>
  <div class='ocr_page' id='page_1' title='image "./cataloguscodicu02truhgoog_0061.png"; bbox 0 0 4046 5972; ppageno 0'>
   <div class='ocr_carea' id='block_1_1' title="bbox 1073 541 1133 602">
    <p class='ocr_par' dir='ltr' id='par_1_1' title="bbox 1073 541 1133 602">
     <span class='ocr_line' id='line_1_1' title="bbox 1073 541 1133 602; baseline 0 0"><span class='ocrx_word' id='word_1_1' title='bbox 1073 541 1133 602; x_wconf 89' lang='lat'><strong>100</strong></span> 
     </span>
    </p>
   </div>
   <div class='ocr_carea' id='block_1_2' title="bbox 397 751 1808 1087">
    <p class='ocr_par' dir='ltr' id='par_1_2' title="bbox 397 751 1808 1087">
     <span class='ocr_line' id='line_1_2' title="bbox 398 751 1808 826; baseline -0.001 -16"><span class='ocrx_word' id='word_1_2' title='bbox 398 757 528 810; x_wconf 89' lang='lat' dir='ltr'><strong>zationes</strong></span> <span class='ocrx_word' id='word_1_3' title='bbox 552 757 787 813; x_wconf 74' lang='lat' dir='ltr'><strong>continebantur.</strong></span> <span class='ocrx_word' id='word_1_4' title='bbox 811 756 992 811; x_wconf 87' lang='lat' dir='ltr'><strong>lntrinsecus</strong></span> <span class='ocrx_word' id='word_1_5' title='bbox 1016 755 1047 810; x_wconf 96' lang='lat' dir='ltr'><strong>in</strong></span> <span class='ocrx_word' id='word_1_6' title='bbox 1071 754 1210 826; x_wconf 90' lang='lat' dir='ltr'><strong>operculo</strong></span> <span class='ocrx_word' id='word_1_7' title='bbox 1233 753 1316 810; x_wconf 83' lang='lat' dir='ltr'><strong>inter.</strong></span> <span class='ocrx_word' id='word_1_8' title='bbox 1340 753 1414 808; x_wconf 88' lang='lat' dir='ltr'><strong>haec</strong></span> <span class='ocrx_word' id='word_1_9' title='bbox 1437 759 1509 808; x_wconf 89' lang='lat' dir='ltr'><strong>nota</strong></span> <span class='ocrx_word' id='word_1_10' title='bbox 1531 759 1593 808; x_wconf 89' lang='lat' dir='ltr'><strong>est:</strong></span> <span class='ocrx_word' id='word_1_11' title='bbox 1630 751 1705 808; x_wconf 81' lang='lat' dir='ltr'><strong>»iste</strong></span> <span class='ocrx_word' id='word_1_12' title='bbox 1729 753 1808 808; x_wconf 88' lang='lat' dir='ltr'><strong>liber·</strong></span> 
     </span>
     <span class='ocr_line' id='line_1_3' title="bbox 398 837 1802 912; baseline -0.002 -15"><span class='ocrx_word' id='word_1_13' title='bbox 398 841 512 898; x_wconf 92' lang='lat' dir='ltr'><strong>Nicolai</strong></span> <span class='ocrx_word' id='word_1_14' title='bbox 545 842 627 898; x_wconf 87' lang='lat' dir='ltr'><strong>Pauli</strong></span> <span class='ocrx_word' id='word_1_15' title='bbox 657 845 693 898; x_wconf 90' lang='lat' dir='ltr'><strong>de</strong></span> <span class='ocrx_word' id='word_1_16' title='bbox 722 842 884 899; x_wconf 82' lang='lat' dir='ltr'><strong>Trachon«</strong></span> <span class='ocrx_word' id='word_1_17' title='bbox 910 841 1017 898; x_wconf 79' lang='lat' dir='ltr'><strong>Postea</strong></span> <span class='ocrx_word' id='word_1_18' title='bbox 1040 844 1136 897; x_wconf 81' lang='lat' dir='ltr'><strong>codex</strong></span> <span class='ocrx_word' id='word_1_19' title='bbox 1158 847 1220 896; x_wconf 88' lang='lat' dir='ltr'><strong>erat</strong></span> <span class='ocrx_word' id='word_1_20' title='bbox 1243 846 1370 898; x_wconf 90' lang='lat' dir='ltr'><strong>monast.</strong></span> <span class='ocrx_word' id='word_1_21' title='bbox 1394 837 1602 912; x_wconf 69' lang='lat' dir='ltr'><strong>Trebonensis</strong></span> <span class='ocrx_word' id='word_1_22' title='bbox 1626 855 1664 894; x_wconf 89' lang='lat' dir='ltr'><strong>ex</strong></span> <span class='ocrx_word' id='word_1_23' title='bbox 1688 855 1747 911; x_wconf 88' lang='lat' dir='ltr'><strong>quo</strong></span> <span class='ocrx_word' id='word_1_24' title='bbox 1771 839 1802 894; x_wconf 92' lang='lat' dir='ltr'><strong>in</strong></span> 
     </span>
     <span class='ocr_line' id='line_1_4' title="bbox 397 927 1808 1001; baseline -0.001 -19"><span class='ocrx_word' id='word_1_25' title='bbox 397 929 604 985; x_wconf 81' lang='lat' dir='ltr'>bibliothecam</span> <span class='ocrx_word' id='word_1_26' title='bbox 637 930 884 1001; x_wconf 88' lang='lat' dir='ltr'><strong>Rosenbergicam</strong></span> <span class='ocrx_word' id='word_1_27' title='bbox 918 931 1058 1000; x_wconf 89' lang='lat' dir='ltr'><strong>pervenit.</strong></span> <span class='ocrx_word' id='word_1_28' title='bbox 1096 927 1278 984; x_wconf 89' lang='lat' dir='ltr'><strong>Monasterio</strong></span> <span class='ocrx_word' id='word_1_29' title='bbox 1310 927 1440 997; x_wconf 89' lang='lat' dir='ltr'><strong>praelato</strong></span> <span class='ocrx_word' id='word_1_30' title='bbox 1468 929 1622 982; x_wconf 88' lang='lat' dir='ltr'><strong>restitutus</strong></span> <span class='ocrx_word' id='word_1_31' title='bbox 1652 933 1808 998; x_wconf 84' lang='lat' dir='ltr'><strong>postremo</strong></span> 
     </span>
     <span class='ocr_line' id='line_1_5' title="bbox 399 1017 621 1087; baseline 0.014 -17"><span class='ocrx_word' id='word_1_32' title='bbox 399 1017 485 1070; x_wconf 90' lang='lat' dir='ltr'><strong>nobis</strong></span> <span class='ocrx_word' id='word_1_33' title='bbox 508 1017 621 1087; x_wconf 80' lang='lat' dir='ltr'><strong>obtigit.</strong></span> 
     </span>
    </p>
   </div>
   <div class='ocr_carea' id='block_1_3' title="bbox 504 1182 1165 1265">
    <p class='ocr_par' dir='ltr' id='par_1_3' title="bbox 504 1182 1165 1265">
     <span class='ocr_line' id='line_1_6' title="bbox 504 1182 1165 1265; baseline -0.011 -2"><span class='ocrx_word' id='word_1_34' title='bbox 504 1183 574 1265; x_wconf 70' lang='grc' dir='ltr'><strong>ΙΜ</strong></span> <span class='ocrx_word' id='word_1_35' title='bbox 1008 1182 1165 1259; x_wconf 73' lang='lat' dir='ltr'><strong>lca</strong></span> 
     </span>
    </p>
   </div>
   <div class='ocr_carea' id='block_1_4' title="bbox 397 1322 1335 1407">
    <p class='ocr_par' dir='ltr' id='par_1_4' title="bbox 397 1322 1335 1407">
     <span class='ocr_line' id='line_1_7' title="bbox 397 1322 1335 1407; baseline -0.002 -21"><span class='ocrx_word' id='word_1_36' title='bbox 397 1325 506 1386; x_wconf 83' lang='lat' dir='ltr'><strong>chart.</strong></span> <span class='ocrx_word' id='word_1_37' title='bbox 529 1341 615 1386; x_wconf 83' lang='lat' dir='ltr'><strong>saec.</strong></span> <span class='ocrx_word' id='word_1_38' title='bbox 639 1322 708 1385; x_wconf 93' lang='lat' dir='ltr'><strong>XV</strong></span> <span class='ocrx_word' id='word_1_39' title='bbox 714 1325 762 1407; x_wconf 85' lang='lat' dir='ltr'><strong>ff.</strong></span> <span class='ocrx_word' id='word_1_40' title='bbox 784 1326 852 1388; x_wconf 85' lang='lat'><strong>215</strong></span> <span class='ocrx_word' id='word_1_41' title='bbox 870 1344 975 1400; x_wconf 69' lang='lat' dir='ltr'><strong>utem„</strong></span> <span class='ocrx_word' id='word_1_42' title='bbox 996 1325 1136 1388; x_wconf 85' lang='grc'><strong>29)(21</strong></span> <span class='ocrx_word' id='word_1_43' title='bbox 1161 1342 1223 1385; x_wconf 88' lang='lat' dir='ltr'><strong>cm.</strong></span> <span class='ocrx_word' id='word_1_44' title='bbox 1247 1325 1265 1385; x_wconf 88' lang='grc'><strong>1</strong></span> <span class='ocrx_word' id='word_1_45' title='bbox 1290 1342 1335 1384; x_wconf 75' lang='lat' dir='ltr'><strong>tn.</strong></span> 
     </span>
    </p>
   </div>
   <div class='ocr_carea' id='block_1_5' title="bbox 398 1445 1808 2214">
    <p class='ocr_par' dir='ltr' id='par_1_5' title="bbox 499 1445 1255 1509">
     <span class='ocr_line' id='line_1_8' title="bbox 499 1445 1255 1509; baseline -0.003 -1"><span class='ocrx_word' id='word_1_46' title='bbox 499 1445 593 1509; x_wconf 89' lang='lat' dir='ltr'><strong>Petri</strong></span> <span class='ocrx_word' id='word_1_47' title='bbox 616 1445 834 1508; x_wconf 88' lang='lat' dir='ltr'><strong>Comestoris</strong></span> <span class='ocrx_word' id='word_1_48' title='bbox 856 1446 1013 1508; x_wconf 88' lang='lat' dir='ltr'><strong>Historia</strong></span> <span class='ocrx_word' id='word_1_49' title='bbox 1036 1445 1255 1508; x_wconf 88' lang='lat' dir='ltr'><strong>scholastica.</strong></span> 
     </span>
    </p>

    <p class='ocr_par' dir='ltr' id='par_1_6' title="bbox 399 1532 1802 1873">
     <span class='ocr_line' id='line_1_9' title="bbox 501 1532 1800 1612; baseline 0.001 -19"><span class='ocrx_word' id='word_1_50' title='bbox 501 1534 521 1594; x_wconf 92' lang='lat' dir='ltr'><strong>i.</strong></span> <span class='ocrx_word' id='word_1_51' title='bbox 549 1534 581 1593; x_wconf 75' lang='grc'><strong>11</strong></span> <span class='ocrx_word' id='word_1_52' title='bbox 608 1532 830 1612; x_wconf 83' lang='lat' dir='ltr'><strong>»imperatorie</strong></span> <span class='ocrx_word' id='word_1_53' title='bbox 854 1538 1034 1594; x_wconf 87' lang='lat' dir='ltr'><strong>maiestatis</strong></span> <span class='ocrx_word' id='word_1_54' title='bbox 1058 1538 1162 1594; x_wconf 88' lang='lat' dir='ltr'><strong>estin</strong></span> <span class='ocrx_word' id='word_1_55' title='bbox 1187 1533 1324 1610; x_wconf 88' lang='lat' dir='ltr'><strong>pallacio</strong></span> <span class='ocrx_word' id='word_1_56' title='bbox 1345 1537 1411 1592; x_wconf 89' lang='lat' dir='ltr'><strong>tres</strong></span> <span class='ocrx_word' id='word_1_57' title='bbox 1439 1533 1558 1593; x_wconf 90' lang='lat' dir='ltr'><strong>babere</strong></span> <span class='ocrx_word' id='word_1_58' title='bbox 1587 1537 1800 1594; x_wconf 69' lang='lat' dir='ltr'><strong>mansionese</strong></span> 
     </span>
     <span class='ocr_line' id='line_1_10' title="bbox 401 1615 1799 1698; baseline -0.001 -16"><span class='ocrx_word' id='word_1_59' title='bbox 401 1615 463 1682; x_wconf 84' lang='lat' dir='ltr'><strong>&gt;&lt;l.</strong></span> <span class='ocrx_word' id='word_1_60' title='bbox 488 1619 568 1680; x_wconf 75' lang='grc' dir='ltr'><strong>210ι</strong></span> <span class='ocrx_word' id='word_1_61' title='bbox 590 1618 753 1698; x_wconf 89' lang='lat' dir='ltr'><strong>(Capituio</strong></span> <span class='ocrx_word' id='word_1_62' title='bbox 779 1621 839 1680; x_wconf 82' lang='lat' dir='ltr'><strong>»de</strong></span> <span class='ocrx_word' id='word_1_63' title='bbox 863 1619 954 1681; x_wconf 88' lang='lat' dir='ltr'><strong>Enea</strong></span> <span class='ocrx_word' id='word_1_64' title='bbox 977 1626 1093 1681; x_wconf 87' lang='lat' dir='ltr'><strong>sanato</strong></span> <span class='ocrx_word' id='word_1_65' title='bbox 1117 1626 1149 1681; x_wconf 93' lang='lat' dir='ltr'><strong>et</strong></span> <span class='ocrx_word' id='word_1_66' title='bbox 1170 1618 1288 1680; x_wconf 85' lang='lat' dir='ltr'><strong>Tabita</strong></span> <span class='ocrx_word' id='word_1_67' title='bbox 1310 1623 1521 1680; x_wconf 82' lang='lat' dir='ltr'><strong>resuscitata«</strong></span> <span class='ocrx_word' id='word_1_68' title='bbox 1548 1619 1736 1697; x_wconf 79' lang='lat' dir='ltr'><strong>imperfecto</strong></span> <span class='ocrx_word' id='word_1_69' title='bbox 1762 1655 1799 1664; x_wconf 90' lang='lat'>—</span> 
     </span>
     <span class='ocr_line' id='line_1_11' title="bbox 399 1705 1802 1785; baseline 0 -17"><span class='ocrx_word' id='word_1_70' title='bbox 399 1715 506 1768; x_wconf 88' lang='lat' dir='ltr'><strong>cetera</strong></span> <span class='ocrx_word' id='word_1_71' title='bbox 536 1709 676 1784; x_wconf 86' lang='lat' dir='ltr'><strong>capitula</strong></span> <span class='ocrx_word' id='word_1_72' title='bbox 706 1712 840 1768; x_wconf 91' lang='lat' dir='ltr'><strong>omnino</strong></span> <span class='ocrx_word' id='word_1_73' title='bbox 872 1708 1024 1780; x_wconf 80' lang='lat' dir='ltr'><strong>desuntt)</strong></span> <span class='ocrx_word' id='word_1_74' title='bbox 1058 1707 1260 1785; x_wconf 84' lang='lat' dir='ltr'><strong>»Expliciunt</strong></span> <span class='ocrx_word' id='word_1_75' title='bbox 1288 1705 1434 1784; x_wconf 85' lang='lat' dir='ltr'><strong>hystorie</strong></span> <span class='ocrx_word' id='word_1_76' title='bbox 1473 1706 1646 1767; x_wconf 87' lang='lat' dir='ltr'><strong>scolastice</strong></span> <span class='ocrx_word' id='word_1_77' title='bbox 1679 1707 1802 1768; x_wconf 91' lang='lat' dir='ltr'><strong>domini</strong></span> 
     </span>
     <span class='ocr_line' id='line_1_12' title="bbox 399 1791 1801 1873; baseline -0.001 -16"><span class='ocrx_word' id='word_1_78' title='bbox 399 1793 609 1873; x_wconf 63' lang='lat' dir='ltr'><strong>Stephannh</strong></span> <span class='ocrx_word' id='word_1_79' title='bbox 634 1792 732 1872; x_wconf 84' lang='lat' dir='ltr'><strong>(Quis</strong></span> <span class='ocrx_word' id='word_1_80' title='bbox 755 1794 807 1854; x_wconf 92' lang='lat' dir='ltr'><strong>hic</strong></span> <span class='ocrx_word' id='word_1_81' title='bbox 831 1791 944 1871; x_wconf 88' lang='lat' dir='ltr'><strong>Steph.</strong></span> <span class='ocrx_word' id='word_1_82' title='bbox 968 1793 1071 1866; x_wconf 89' lang='lat' dir='ltr'><strong>luerit,</strong></span> <span class='ocrx_word' id='word_1_83' title='bbox 1103 1809 1323 1871; x_wconf 89' lang='lat' dir='ltr'><strong>possessome</strong></span> <span class='ocrx_word' id='word_1_84' title='bbox 1347 1810 1390 1852; x_wconf 90' lang='lat' dir='ltr'><strong>an</strong></span> <span class='ocrx_word' id='word_1_85' title='bbox 1414 1796 1560 1870; x_wconf 85' lang='lat' dir='ltr'><strong>scriptor,</strong></span> <span class='ocrx_word' id='word_1_86' title='bbox 1585 1797 1801 1870; x_wconf 87' lang='lat' dir='ltr'><strong>ignoramus).</strong></span> 
     </span>
    </p>

    <p class='ocr_par' dir='ltr' id='par_1_7' title="bbox 500 1875 1098 1959">
     <span class='ocr_line' id='line_1_13' title="bbox 500 1875 1098 1959; baseline -0.002 -18"><span class='ocrx_word' id='word_1_87' title='bbox 500 1882 521 1941; x_wconf 90' lang='lat' dir='ltr'><strong>i.</strong></span> <span class='ocrx_word' id='word_1_88' title='bbox 546 1875 750 1940; x_wconf 83' lang='grc'><strong>2101-2151</strong></span> <span class='ocrx_word' id='word_1_89' title='bbox 774 1879 957 1959; x_wconf 87' lang='lat' dir='ltr'><strong>Registrum</strong></span> <span class='ocrx_word' id='word_1_90' title='bbox 980 1884 1098 1958; x_wconf 80' lang='lat' dir='ltr'><strong>operis,</strong></span> 
     </span>
    </p>

    <p class='ocr_par' dir='ltr' id='par_1_8' title="bbox 398 1968 1808 2214">
     <span class='ocr_line' id='line_1_14' title="bbox 499 1968 1799 2042; baseline -0.001 -17"><span class='ocrx_word' id='word_1_91' title='bbox 499 1970 619 2042; x_wconf 85' lang='lat' dir='ltr'><strong>Utrique</strong></span> <span class='ocrx_word' id='word_1_92' title='bbox 642 1971 780 2042; x_wconf 90' lang='lat' dir='ltr'><strong>operculo</strong></span> <span class='ocrx_word' id='word_1_93' title='bbox 804 1971 988 2042; x_wconf 83' lang='lat' dir='ltr'><strong>adglutinata</strong></span> <span class='ocrx_word' id='word_1_94' title='bbox 1011 1977 1081 2025; x_wconf 91' lang='lat' dir='ltr'><strong>sunt</strong></span> <span class='ocrx_word' id='word_1_95' title='bbox 1111 1969 1273 2040; x_wconf 85' lang='lat' dir='ltr'><strong>fragmenta</strong></span> <span class='ocrx_word' id='word_1_96' title='bbox 1284 1969 1396 2024; x_wconf 89' lang='lat' dir='ltr'><strong>codicis</strong></span> <span class='ocrx_word' id='word_1_97' title='bbox 1409 1969 1540 2039; x_wconf 65' lang='lat' dir='ltr'><strong>membr„</strong></span> <span class='ocrx_word' id='word_1_98' title='bbox 1554 1985 1614 2040; x_wconf 88' lang='lat' dir='ltr'><strong>quo</strong></span> <span class='ocrx_word' id='word_1_99' title='bbox 1627 1968 1799 2024; x_wconf 88' lang='lat' dir='ltr'><strong>Psalterium</strong></span> 
     </span>
     <span class='ocr_line' id='line_1_15' title="bbox 398 2055 1808 2126; baseline 0 -14"><span class='ocrx_word' id='word_1_100' title='bbox 398 2057 612 2126; x_wconf 88' lang='lat' dir='ltr'><strong>continebatur,</strong></span> <span class='ocrx_word' id='word_1_101' title='bbox 643 2073 721 2114; x_wconf 91' lang='lat' dir='ltr'><strong>saec.</strong></span> <span class='ocrx_word' id='word_1_102' title='bbox 757 2055 835 2114; x_wconf 88' lang='lat' dir='ltr'><strong>XIV.</strong></span> <span class='ocrx_word' id='word_1_103' title='bbox 869 2055 914 2112; x_wconf 87' lang='lat' dir='ltr'><strong>Ex</strong></span> <span class='ocrx_word' id='word_1_104' title='bbox 947 2058 1018 2115; x_wconf 91' lang='lat' dir='ltr'><strong>bibl.</strong></span> <span class='ocrx_word' id='word_1_105' title='bbox 1049 2056 1265 2126; x_wconf 88' lang='lat' dir='ltr'><strong>Rosenbergica</strong></span> <span class='ocrx_word' id='word_1_106' title='bbox 1295 2056 1390 2110; x_wconf 86' lang='lat' dir='ltr'><strong>codex</strong></span> <span class='ocrx_word' id='word_1_107' title='bbox 1420 2056 1467 2110; x_wconf 91' lang='lat' dir='ltr'><strong>hic</strong></span> <span class='ocrx_word' id='word_1_108' title='bbox 1490 2057 1622 2125; x_wconf 88' lang='lat' dir='ltr'><strong>pervenit</strong></span> <span class='ocrx_word' id='word_1_109' title='bbox 1643 2055 1674 2110; x_wconf 95' lang='lat' dir='ltr'><strong>in</strong></span> <span class='ocrx_word' id='word_1_110' title='bbox 1698 2073 1808 2112; x_wconf 79' lang='lat' dir='ltr'><strong>mona·</strong></span> 
     </span>
     <span class='ocr_line' id='line_1_16' title="bbox 399 2141 1030 2214; baseline 0 -15"><span class='ocrx_word' id='word_1_111' title='bbox 399 2145 520 2200; x_wconf 92' lang='lat' dir='ltr'><strong>sterium</strong></span> <span class='ocrx_word' id='word_1_112' title='bbox 541 2141 738 2214; x_wconf 87' lang='lat' dir='ltr'><strong>Tlebonense‚</strong></span> <span class='ocrx_word' id='word_1_113' title='bbox 762 2151 789 2199; x_wconf 91' lang='lat' dir='ltr'><strong>et</strong></span> <span class='ocrx_word' id='word_1_114' title='bbox 811 2143 880 2199; x_wconf 91' lang='lat' dir='ltr'><strong>inde</strong></span> <span class='ocrx_word' id='word_1_115' title='bbox 904 2146 940 2199; x_wconf 87' lang='lat' dir='ltr'><strong>ad</strong></span> <span class='ocrx_word' id='word_1_116' title='bbox 965 2159 1030 2200; x_wconf 92' lang='lat' dir='ltr'><strong>nos.</strong></span> 
     </span>
    </p>
   </div>
   <div class='ocr_carea' id='block_1_6' title="bbox 399 2327 1334 2551">
    <p class='ocr_par' dir='ltr' id='par_1_9' title="bbox 399 2327 1334 2551">
     <span class='ocr_line' id='line_1_17' title="bbox 507 2327 1189 2410; baseline -0.009 -2"><span class='ocrx_word' id='word_1_117' title='bbox 507 2328 565 2410; x_wconf 75' lang='lat' dir='ltr'><strong>ml</strong></span> <span class='ocrx_word' id='word_1_118' title='bbox 1003 2327 1189 2404; x_wconf 69' lang='grc'><strong>[616</strong></span> 
     </span>
     <span class='ocr_line' id='line_1_18' title="bbox 399 2469 1334 2551; baseline -0.001 -21"><span class='ocrx_word' id='word_1_119' title='bbox 399 2469 508 2531; x_wconf 84' lang='lat' dir='ltr'><strong>chart.</strong></span> <span class='ocrx_word' id='word_1_120' title='bbox 532 2489 564 2531; x_wconf 89' lang='lat' dir='ltr'><strong>a.</strong></span> <span class='ocrx_word' id='word_1_121' title='bbox 588 2469 804 2533; x_wconf 71' lang='lat' dir='ltr'><strong>rior-1464</strong></span> <span class='ocrx_word' id='word_1_122' title='bbox 821 2470 862 2551; x_wconf 90' lang='lat' dir='ltr'><strong>ff.</strong></span> <span class='ocrx_word' id='word_1_123' title='bbox 885 2469 960 2544; x_wconf 84' lang='lat'><em>295,</em></span> <span class='ocrx_word' id='word_1_124' title='bbox 981 2470 1022 2531; x_wconf 84' lang='lat'><strong>31</strong></span> <span class='ocrx_word' id='word_1_125' title='bbox 1037 2469 1122 2529; x_wconf 88' lang='lat'><em>&gt;&lt;21</em></span> <span class='ocrx_word' id='word_1_126' title='bbox 1147 2485 1210 2529; x_wconf 88' lang='lat' dir='ltr'><strong>cm.</strong></span> <span class='ocrx_word' id='word_1_127' title='bbox 1233 2469 1265 2529; x_wconf 85' lang='lat' dir='ltr'><strong>d.</strong></span> <span class='ocrx_word' id='word_1_128' title='bbox 1288 2487 1334 2530; x_wconf 77' lang='lat' dir='ltr'><strong>ne.</strong></span> 
     </span>
    </p>
   </div>
   <div class='ocr_carea' id='block_1_7' title="bbox 398 2588 1810 3278">
    <p class='ocr_par' dir='ltr' id='par_1_10' title="bbox 399 2588 1810 2928">
     <span class='ocr_line' id='line_1_19' title="bbox 506 2588 1801 2655; baseline 0 -3"><span class='ocrx_word' id='word_1_129' title='bbox 506 2591 527 2652; x_wconf 90' lang='lat' dir='ltr'><strong>i.</strong></span> <span class='ocrx_word' id='word_1_130' title='bbox 555 2592 675 2652; x_wconf 80' lang='grc'><strong>1-821</strong></span> <span class='ocrx_word' id='word_1_131' title='bbox 694 2590 829 2654; x_wconf 89' lang='lat' dir='ltr'><strong>Nicolai</strong></span> <span class='ocrx_word' id='word_1_132' title='bbox 851 2591 893 2654; x_wconf 92' lang='lat' dir='ltr'><strong>de</strong></span> <span class='ocrx_word' id='word_1_133' title='bbox 915 2590 1040 2655; x_wconf 85' lang='lat' dir='ltr'><strong>Btonia</strong></span> <span class='ocrx_word' id='word_1_134' title='bbox 1060 2589 1244 2652; x_wconf 82' lang='lat' dir='ltr'><strong>Tractatus</strong></span> <span class='ocrx_word' id='word_1_135' title='bbox 1266 2588 1308 2652; x_wconf 89' lang='lat' dir='ltr'><strong>de</strong></span> <span class='ocrx_word' id='word_1_136' title='bbox 1330 2588 1619 2652; x_wconf 86' lang='lat' dir='ltr'><strong>administrandis</strong></span> <span class='ocrx_word' id='word_1_137' title='bbox 1653 2589 1718 2652; x_wconf 89' lang='lat' dir='ltr'><strong>rite</strong></span> <span class='ocrx_word' id='word_1_138' title='bbox 1749 2605 1801 2652; x_wconf 88' lang='lat' dir='ltr'><strong>ec·</strong></span> 
     </span>
     <span class='ocr_line' id='line_1_20' title="bbox 400 2675 1810 2755; baseline -0.001 -16"><span class='ocrx_word' id='word_1_139' title='bbox 400 2676 606 2740; x_wconf 90' lang='lat' dir='ltr'><strong>clesiasticis</strong></span> <span class='ocrx_word' id='word_1_140' title='bbox 629 2677 861 2742; x_wconf 86' lang='lat' dir='ltr'><strong>sacramentis</strong></span> <span class='ocrx_word' id='word_1_141' title='bbox 884 2679 925 2741; x_wconf 89' lang='lat' dir='ltr'><strong>de</strong></span> <span class='ocrx_word' id='word_1_142' title='bbox 949 2677 1233 2755; x_wconf 86' lang='lat' dir='ltr'><strong>celebrandisque</strong></span> <span class='ocrx_word' id='word_1_143' title='bbox 1257 2677 1369 2738; x_wconf 88' lang='lat' dir='ltr'><strong>sacris</strong></span> <span class='ocrx_word' id='word_1_144' title='bbox 1388 2676 1578 2739; x_wconf 88' lang='lat' dir='ltr'><strong>missarum</strong></span> <span class='ocrx_word' id='word_1_145' title='bbox 1594 2675 1810 2755; x_wconf 82' lang='lat' dir='ltr'><strong>solempniis</strong></span> 
     </span>
     <span class='ocr_line' id='line_1_21' title="bbox 399 2761 1801 2842; baseline 0 -18"><span class='ocrx_word' id='word_1_146' title='bbox 399 2767 435 2824; x_wconf 87' lang='lat' dir='ltr'><strong>et</strong></span> <span class='ocrx_word' id='word_1_147' title='bbox 457 2767 617 2827; x_wconf 88' lang='lat' dir='ltr'><strong>censuris</strong></span> <span class='ocrx_word' id='word_1_148' title='bbox 639 2765 888 2828; x_wconf 88' lang='lat' dir='ltr'><strong>ecclesiasticis</strong></span> <span class='ocrx_word' id='word_1_149' title='bbox 912 2763 1079 2828; x_wconf 90' lang='lat' dir='ltr'><strong>canonice</strong></span> <span class='ocrx_word' id='word_1_150' title='bbox 1095 2762 1335 2827; x_wconf 85' lang='lat' dir='ltr'><strong>observandis.</strong></span> <span class='ocrx_word' id='word_1_151' title='bbox 1360 2761 1469 2842; x_wconf 88' lang='lat' dir='ltr'><strong>(Opus</strong></span> <span class='ocrx_word' id='word_1_152' title='bbox 1485 2780 1573 2824; x_wconf 88' lang='lat' dir='ltr'><strong>saec.</strong></span> <span class='ocrx_word' id='word_1_153' title='bbox 1590 2762 1650 2824; x_wconf 89' lang='lat' dir='ltr'><strong>XV</strong></span> <span class='ocrx_word' id='word_1_154' title='bbox 1666 2768 1801 2842; x_wconf 88' lang='lat' dir='ltr'><strong>saepius</strong></span> 
     </span>
     <span class='ocr_line' id='line_1_22' title="bbox 399 2855 620 2928; baseline 0.018 -18"><span class='ocrx_word' id='word_1_155' title='bbox 399 2855 620 2928; x_wconf 88' lang='lat' dir='ltr'><strong>impressum).</strong></span> 
     </span>
    </p>

    <p class='ocr_par' dir='ltr' id='par_1_11' title="bbox 398 2953 1810 3278">
     <span class='ocr_line' id='line_1_23' title="bbox 507 2953 1800 3033; baseline 0 -19"><span class='ocrx_word' id='word_1_156' title='bbox 507 2954 528 3016; x_wconf 87' lang='lat' dir='ltr'><strong>i.</strong></span> <span class='ocrx_word' id='word_1_157' title='bbox 556 2957 589 3016; x_wconf 74' lang='grc'><strong>11</strong></span> <span class='ocrx_word' id='word_1_158' title='bbox 609 2959 694 3030; x_wconf 89' lang='lat' dir='ltr'><strong>(inc.)</strong></span> <span class='ocrx_word' id='word_1_159' title='bbox 721 2955 875 3030; x_wconf 66' lang='lat' dir='ltr'><strong>»Medica</strong></span> <span class='ocrx_word' id='word_1_160' title='bbox 900 2970 978 3016; x_wconf 89' lang='lat' dir='ltr'><strong>cura</strong></span> <span class='ocrx_word' id='word_1_161' title='bbox 1001 2961 1031 3016; x_wconf 90' lang='lat' dir='ltr'><strong>tc</strong></span> <span class='ocrx_word' id='word_1_162' title='bbox 1054 2958 1182 3033; x_wconf 79' lang='lat' dir='ltr'><strong>ipsum«</strong></span> <span class='ocrx_word' id='word_1_163' title='bbox 1197 2954 1262 3016; x_wconf 87' lang='lat' dir='ltr'><strong>&gt;&lt;i.</strong></span> <span class='ocrx_word' id='word_1_164' title='bbox 1286 2953 1344 3014; x_wconf 71' lang='lat'><strong>43³</strong></span> <span class='ocrx_word' id='word_1_165' title='bbox 1376 2953 1436 3014; x_wconf 85' lang='lat' dir='ltr'><strong>»Et</strong></span> <span class='ocrx_word' id='word_1_166' title='bbox 1459 2957 1506 3015; x_wconf 90' lang='lat' dir='ltr'><strong>sic</strong></span> <span class='ocrx_word' id='word_1_167' title='bbox 1530 2961 1581 3016; x_wconf 91' lang='lat' dir='ltr'><strong>est</strong></span> <span class='ocrx_word' id='word_1_168' title='bbox 1603 2954 1679 3016; x_wconf 88' lang='lat' dir='ltr'><strong>finis</strong></span> <span class='ocrx_word' id='word_1_169' title='bbox 1701 2956 1800 3015; x_wconf 89' lang='lat' dir='ltr'><strong>huius</strong></span> 
     </span>
     <span class='ocr_line' id='line_1_24' title="bbox 400 3039 1810 3120; baseline 0.001 -18"><span class='ocrx_word' id='word_1_170' title='bbox 400 3048 555 3103; x_wconf 85' lang='lat' dir='ltr'><strong>tractatus</strong></span> <span class='ocrx_word' id='word_1_171' title='bbox 579 3047 671 3120; x_wconf 92' lang='lat' dir='ltr'><strong>primi</strong></span> <span class='ocrx_word' id='word_1_172' title='bbox 694 3043 762 3104; x_wconf 92' lang='lat' dir='ltr'><strong>libri</strong></span> <span class='ocrx_word' id='word_1_173' title='bbox 786 3050 930 3104; x_wconf 88' lang='lat' dir='ltr'><strong>tractans</strong></span> <span class='ocrx_word' id='word_1_174' title='bbox 954 3041 1029 3120; x_wconf 82' lang='lat' dir='ltr'><strong>(sic)</strong></span> <span class='ocrx_word' id='word_1_175' title='bbox 1052 3042 1093 3102; x_wconf 90' lang='lat' dir='ltr'><strong>de</strong></span> <span class='ocrx_word' id='word_1_176' title='bbox 1117 3045 1332 3102; x_wconf 85' lang='lat' dir='ltr'><strong>sacramentis</strong></span> <span class='ocrx_word' id='word_1_177' title='bbox 1355 3057 1383 3102; x_wconf 88' lang='lat' dir='ltr'><strong>a.</strong></span> <span class='ocrx_word' id='word_1_178' title='bbox 1411 3039 1494 3102; x_wconf 83' lang='grc'><strong>1462</strong></span> <span class='ocrx_word' id='word_1_179' title='bbox 1524 3091 1559 3104; x_wconf 90' lang='grc'><strong>..</strong></span> <span class='ocrx_word' id='word_1_180' title='bbox 1584 3041 1621 3103; x_wconf 89' lang='lat' dir='ltr'><strong>in</strong></span> <span class='ocrx_word' id='word_1_181' title='bbox 1644 3041 1810 3104; x_wconf 84' lang='lat' dir='ltr'><strong>Radkow·</strong></span> 
     </span>
     <span class='ocr_line' id='line_1_25' title="bbox 398 3126 1802 3208; baseline 0.001 -19"><span class='ocrx_word' id='word_1_182' title='bbox 398 3144 461 3208; x_wconf 89' lang='lat' dir='ltr'><strong>per</strong></span> <span class='ocrx_word' id='word_1_183' title='bbox 484 3127 775 3207; x_wconf 84' lang='lat' dir='ltr'><strong>Sigismundum.‹</strong></span> <span class='ocrx_word' id='word_1_184' title='bbox 801 3129 820 3191; x_wconf 89' lang='lat' dir='ltr'><strong>i.</strong></span> <span class='ocrx_word' id='word_1_185' title='bbox 845 3129 903 3191; x_wconf 79' lang='lat' dir='ltr'><strong>8‘2a</strong></span> <span class='ocrx_word' id='word_1_186' title='bbox 926 3129 1084 3206; x_wconf 83' lang='lat' dir='ltr'><strong>»Explicit</strong></span> <span class='ocrx_word' id='word_1_187' title='bbox 1106 3129 1158 3190; x_wconf 90' lang='lat' dir='ltr'><strong>hic</strong></span> <span class='ocrx_word' id='word_1_188' title='bbox 1181 3133 1337 3189; x_wconf 78' lang='lat' dir='ltr'><strong>tractabis</strong></span> <span class='ocrx_word' id='word_1_189' title='bbox 1355 3179 1361 3188; x_wconf 94' lang='lat'><strong>.</strong></span> <span class='ocrx_word' id='word_1_190' title='bbox 1381 3179 1387 3190; x_wconf 91' lang='lat'><strong>.</strong></span> <span class='ocrx_word' id='word_1_191' title='bbox 1406 3179 1412 3189; x_wconf 93' lang='lat'><strong>.</strong></span> <span class='ocrx_word' id='word_1_192' title='bbox 1431 3126 1516 3190; x_wconf 79' lang='grc'><strong>1462</strong></span> <span class='ocrx_word' id='word_1_193' title='bbox 1531 3144 1594 3207; x_wconf 84' lang='lat' dir='ltr'><strong>per</strong></span> <span class='ocrx_word' id='word_1_194' title='bbox 1608 3127 1802 3207; x_wconf 80' lang='lat' dir='ltr'><strong>Sigismun·</strong></span> 
     </span>
     <span class='ocr_line' id='line_1_26' title="bbox 400 3215 751 3278; baseline 0.006 -2"><span class='ocrx_word' id='word_1_195' title='bbox 400 3218 483 3277; x_wconf 89' lang='lat' dir='ltr'><strong>dum</strong></span> <span class='ocrx_word' id='word_1_196' title='bbox 506 3215 543 3276; x_wconf 91' lang='lat' dir='ltr'><strong>in</strong></span> <span class='ocrx_word' id='word_1_197' title='bbox 565 3215 751 3278; x_wconf 86' lang='lat' dir='ltr'><strong>Radkow.‹</strong></span> 
     </span>
    </p>
   </div>
   <div class='ocr_carea' id='block_1_8' title="bbox 399 3316 1800 3486">
    <p class='ocr_par' dir='ltr' id='par_1_12' title="bbox 399 3316 1800 3486">
     <span class='ocr_line' id='line_1_27' title="bbox 508 3316 1800 3399; baseline 0.002 -19"><span class='ocrx_word' id='word_1_198' title='bbox 508 3318 528 3382; x_wconf 89' lang='lat' dir='ltr'><strong>i.</strong></span> <span class='ocrx_word' id='word_1_199' title='bbox 552 3316 714 3381; x_wconf 73' lang='grc'><strong>821-841</strong></span> <span class='ocrx_word' id='word_1_200' title='bbox 733 3321 767 3383; x_wconf 88' lang='lat' dir='ltr'><strong>S.</strong></span> <span class='ocrx_word' id='word_1_201' title='bbox 789 3318 978 3398; x_wconf 84' lang='lat' dir='ltr'><strong>Augustini</strong></span> <span class='ocrx_word' id='word_1_202' title='bbox 1000 3319 1159 3399; x_wconf 86' lang='lat' dir='ltr'><strong>Epistola</strong></span> <span class='ocrx_word' id='word_1_203' title='bbox 1181 3317 1418 3381; x_wconf 85' lang='lat' dir='ltr'><strong>consolatoria</strong></span> <span class='ocrx_word' id='word_1_204' title='bbox 1439 3319 1485 3381; x_wconf 91' lang='lat' dir='ltr'><strong>ad</strong></span> <span class='ocrx_word' id='word_1_205' title='bbox 1507 3325 1673 3398; x_wconf 90' lang='lat' dir='ltr'><strong>nepotem</strong></span> <span class='ocrx_word' id='word_1_206' title='bbox 1695 3336 1800 3383; x_wconf 90' lang='lat' dir='ltr'><strong>suum</strong></span> 
     </span>
     <span class='ocr_line' id='line_1_28' title="bbox 399 3403 1558 3486; baseline 0.001 -19"><span class='ocrx_word' id='word_1_207' title='bbox 399 3406 436 3468; x_wconf 89' lang='lat' dir='ltr'><strong>in</strong></span> <span class='ocrx_word' id='word_1_208' title='bbox 457 3406 621 3486; x_wconf 88' lang='lat' dir='ltr'><strong>proximo</strong></span> <span class='ocrx_word' id='word_1_209' title='bbox 646 3405 865 3482; x_wconf 89' lang='lat' dir='ltr'><strong>moriturum,</strong></span> <span class='ocrx_word' id='word_1_210' title='bbox 889 3423 977 3485; x_wconf 88' lang='lat' dir='ltr'><strong>quae</strong></span> <span class='ocrx_word' id='word_1_211' title='bbox 1001 3407 1127 3469; x_wconf 89' lang='lat' dir='ltr'><strong>dicitur</strong></span> <span class='ocrx_word' id='word_1_212' title='bbox 1149 3405 1307 3468; x_wconf 84' lang='lat' dir='ltr'><strong>visitatio</strong></span> <span class='ocrx_word' id='word_1_213' title='bbox 1330 3403 1558 3468; x_wconf 86' lang='lat' dir='ltr'><strong>infirmorum.</strong></span> 
     </span>
    </p>
   </div>
   <div class='ocr_carea' id='block_1_9' title="bbox 486 3509 1335 3591">
    <p class='ocr_par' dir='ltr' id='par_1_13' title="bbox 486 3509 1335 3591">
     <span class='ocr_line' id='line_1_29' title="bbox 486 3509 1335 3591; baseline -0.002 -19"><span class='ocrx_word' id='word_1_214' title='bbox 486 3511 506 3573; x_wconf 89' lang='lat' dir='ltr'><strong>l.</strong></span> <span class='ocrx_word' id='word_1_215' title='bbox 531 3509 589 3573; x_wconf 85' lang='grc'><strong>841</strong></span> <span class='ocrx_word' id='word_1_216' title='bbox 608 3512 780 3591; x_wconf 89' lang='lat' dir='ltr'><strong>Expositio</strong></span> <span class='ocrx_word' id='word_1_217' title='bbox 803 3529 903 3590; x_wconf 91' lang='lat' dir='ltr'><strong>super</strong></span> <span class='ocrx_word' id='word_1_218' title='bbox 925 3517 1103 3574; x_wconf 88' lang='lat' dir='ltr'><strong>orationem</strong></span> <span class='ocrx_word' id='word_1_219' title='bbox 1128 3512 1335 3571; x_wconf 90' lang='lat' dir='ltr'><strong>dominicam.</strong></span> 
     </span>
    </p>
   </div>
   <div class='ocr_carea' id='block_1_10' title="bbox 400 3611 1802 5087">
    <p class='ocr_par' dir='ltr' id='par_1_14' title="bbox 400 3611 1802 4025">
     <span class='ocr_line' id='line_1_30' title="bbox 485 3611 1800 3696; baseline -0.002 -19"><span class='ocrx_word' id='word_1_220' title='bbox 485 3615 505 3677; x_wconf 86' lang='lat' dir='ltr'><strong>i.</strong></span> <span class='ocrx_word' id='word_1_221' title='bbox 530 3614 712 3678; x_wconf 68' lang='grc'><strong>851-1921</strong></span> <span class='ocrx_word' id='word_1_222' title='bbox 731 3615 911 3696; x_wconf 89' lang='lat' dir='ltr'><strong>(Guilelmi</strong></span> <span class='ocrx_word' id='word_1_223' title='bbox 931 3615 1082 3694; x_wconf 87' lang='lat' dir='ltr'><strong>Peraldi)</strong></span> <span class='ocrx_word' id='word_1_224' title='bbox 1104 3612 1250 3678; x_wconf 90' lang='lat' dir='ltr'><strong>Summa</strong></span> <span class='ocrx_word' id='word_1_225' title='bbox 1270 3613 1441 3676; x_wconf 89' lang='lat' dir='ltr'><strong>virtutum</strong></span> <span class='ocrx_word' id='word_1_226' title='bbox 1460 3618 1496 3676; x_wconf 88' lang='lat' dir='ltr'><strong>ct</strong></span> <span class='ocrx_word' id='word_1_227' title='bbox 1516 3612 1684 3677; x_wconf 81' lang='lat' dir='ltr'><strong>vitiorum</strong></span> <span class='ocrx_word' id='word_1_228' title='bbox 1706 3611 1800 3692; x_wconf 86' lang='lat' dir='ltr'><strong>(regi-</strong></span> 
     </span>
     <span class='ocr_line' id='line_1_31' title="bbox 400 3696 1802 3782; baseline -0.002 -18"><span class='ocrx_word' id='word_1_229' title='bbox 400 3708 476 3765; x_wconf 89' lang='lat' dir='ltr'><strong>stris</strong></span> <span class='ocrx_word' id='word_1_230' title='bbox 499 3702 794 3782; x_wconf 89' lang='lat' dir='ltr'><strong>praecedentibus).</strong></span> <span class='ocrx_word' id='word_1_231' title='bbox 822 3702 875 3766; x_wconf 82' lang='lat' dir='ltr'><strong>»Si</strong></span> <span class='ocrx_word' id='word_1_232' title='bbox 900 3707 1103 3782; x_wconf 88' lang='lat' dir='ltr'><strong>separaveris</strong></span> <span class='ocrx_word' id='word_1_233' title='bbox 1122 3706 1307 3781; x_wconf 90' lang='lat' dir='ltr'><strong>preciosum</strong></span> <span class='ocrx_word' id='word_1_234' title='bbox 1328 3720 1349 3762; x_wconf 91' lang='lat' dir='ltr'><strong>a</strong></span> <span class='ocrx_word' id='word_1_235' title='bbox 1363 3701 1435 3762; x_wconf 83' lang='lat' dir='ltr'><strong>vili«</strong></span> <span class='ocrx_word' id='word_1_236' title='bbox 1452 3703 1483 3756; x_wconf 84' lang='grc'><strong>&gt;&lt;</strong></span> <span class='ocrx_word' id='word_1_237' title='bbox 1496 3699 1516 3762; x_wconf 88' lang='lat' dir='ltr'><strong>i.</strong></span> <span class='ocrx_word' id='word_1_238' title='bbox 1545 3696 1622 3761; x_wconf 86' lang='grc'><strong>1921</strong></span> <span class='ocrx_word' id='word_1_239' title='bbox 1643 3700 1802 3779; x_wconf 85' lang='lat' dir='ltr'><strong>»Explicit</strong></span> 
     </span>
     <span class='ocr_line' id='line_1_32' title="bbox 401 3785 1799 3868; baseline -0.003 -16"><span class='ocrx_word' id='word_1_240' title='bbox 401 3789 539 3852; x_wconf 89' lang='lat' dir='ltr'><strong>Summa</strong></span> <span class='ocrx_word' id='word_1_241' title='bbox 551 3794 708 3851; x_wconf 91' lang='lat' dir='ltr'><strong>viciorum</strong></span> <span class='ocrx_word' id='word_1_242' title='bbox 721 3798 753 3853; x_wconf 89' lang='lat' dir='ltr'><strong>et</strong></span> <span class='ocrx_word' id='word_1_243' title='bbox 764 3795 917 3852; x_wconf 86' lang='lat' dir='ltr'><strong>virtutum</strong></span> <span class='ocrx_word' id='word_1_244' title='bbox 931 3807 987 3868; x_wconf 92' lang='lat' dir='ltr'><strong>per</strong></span> <span class='ocrx_word' id='word_1_245' title='bbox 1002 3788 1263 3868; x_wconf 84' lang='lat' dir='ltr'><strong>Sigismundum</strong></span> <span class='ocrx_word' id='word_1_246' title='bbox 1287 3795 1347 3850; x_wconf 92' lang='lat' dir='ltr'><strong>etc.</strong></span> <span class='ocrx_word' id='word_1_247' title='bbox 1361 3805 1390 3850; x_wconf 91' lang='lat' dir='ltr'><strong>a.</strong></span> <span class='ocrx_word' id='word_1_248' title='bbox 1405 3789 1435 3848; x_wconf 91' lang='lat' dir='ltr'><strong>d.</strong></span> <span class='ocrx_word' id='word_1_249' title='bbox 1450 3794 1509 3849; x_wconf 88' lang='lat' dir='ltr'><strong>etc.</strong></span> <span class='ocrx_word' id='word_1_250' title='bbox 1535 3785 1799 3848; x_wconf 87' lang='lat' dir='ltr'><strong>Vierzehenhun-</strong></span> 
     </span>
     <span class='ocr_line' id='line_1_33' title="bbox 400 3873 1802 3955; baseline -0.001 -17"><span class='ocrx_word' id='word_1_251' title='bbox 400 3879 471 3938; x_wconf 87' lang='lat' dir='ltr'><strong>dert</strong></span> <span class='ocrx_word' id='word_1_252' title='bbox 491 3877 565 3937; x_wconf 89' lang='lat' dir='ltr'><strong>Jare</strong></span> <span class='ocrx_word' id='word_1_253' title='bbox 588 3878 656 3939; x_wconf 91' lang='lat' dir='ltr'><strong>und</strong></span> <span class='ocrx_word' id='word_1_254' title='bbox 679 3883 711 3940; x_wconf 93' lang='lat' dir='ltr'><strong>in</strong></span> <span class='ocrx_word' id='word_1_255' title='bbox 735 3879 811 3939; x_wconf 89' lang='lat' dir='ltr'><strong>dem</strong></span> <span class='ocrx_word' id='word_1_256' title='bbox 835 3883 908 3939; x_wconf 86' lang='lat' dir='ltr'><strong>ains</strong></span> <span class='ocrx_word' id='word_1_257' title='bbox 931 3878 999 3938; x_wconf 91' lang='lat' dir='ltr'><strong>und</strong></span> <span class='ocrx_word' id='word_1_258' title='bbox 1035 3877 1286 3955; x_wconf 88' lang='lat' dir='ltr'><strong>sechczigistem</strong></span> <span class='ocrx_word' id='word_1_259' title='bbox 1320 3875 1393 3936; x_wconf 87' lang='lat' dir='ltr'><strong>Jare</strong></span> <span class='ocrx_word' id='word_1_260' title='bbox 1427 3873 1573 3936; x_wconf 89' lang='lat' dir='ltr'><strong>Sabbato</strong></span> <span class='ocrx_word' id='word_1_261' title='bbox 1596 3875 1640 3934; x_wconf 89' lang='lat' dir='ltr'><strong>ad</strong></span> <span class='ocrx_word' id='word_1_262' title='bbox 1663 3873 1802 3936; x_wconf 89' lang='lat' dir='ltr'><strong>Vincula</strong></span> 
     </span>
     <span class='ocr_line' id='line_1_34' title="bbox 401 3963 621 4025; baseline -0.005 0"><span class='ocrx_word' id='word_1_263' title='bbox 401 3965 481 4025; x_wconf 76' lang='lat' dir='ltr'><strong>Petri</strong></span> <span class='ocrx_word' id='word_1_264' title='bbox 510 3963 621 4025; x_wconf 78' lang='lat'><strong>1461.«</strong></span> 
     </span>
    </p>

    <p class='ocr_par' dir='ltr' id='par_1_15' title="bbox 401 4045 1801 4391">
     <span class='ocr_line' id='line_1_35' title="bbox 486 4045 1800 4124; baseline -0.003 -13"><span class='ocrx_word' id='word_1_265' title='bbox 486 4050 506 4112; x_wconf 90' lang='lat' dir='ltr'><strong>l.</strong></span> <span class='ocrx_word' id='word_1_266' title='bbox 535 4051 735 4112; x_wconf 73' lang='grc'><strong>1931-2591</strong></span> <span class='ocrx_word' id='word_1_267' title='bbox 765 4050 936 4114; x_wconf 89' lang='lat' dir='ltr'><strong>Guidonis</strong></span> <span class='ocrx_word' id='word_1_268' title='bbox 966 4049 1149 4113; x_wconf 81' lang='lat' dir='ltr'><strong>delicate</strong></span> <span class='ocrx_word' id='word_1_269' title='bbox 1183 4048 1328 4111; x_wconf 89' lang='lat' dir='ltr'><strong>Rotberi</strong></span> <span class='ocrx_word' id='word_1_270' title='bbox 1357 4045 1555 4124; x_wconf 84' lang='lat' dir='ltr'><strong>Manipulus</strong></span> <span class='ocrx_word' id='word_1_271' title='bbox 1591 4055 1800 4110; x_wconf 88' lang='lat' dir='ltr'><strong>curatorum.</strong></span> 
     </span>
     <span class='ocr_line' id='line_1_36' title="bbox 403 4133 1798 4218; baseline -0.001 -20"><span class='ocrx_word' id='word_1_272' title='bbox 403 4136 534 4200; x_wconf 80' lang='lat' dir='ltr'><strong>»Rever</strong></span> <span class='ocrx_word' id='word_1_273' title='bbox 560 4143 591 4199; x_wconf 93' lang='lat' dir='ltr'><strong>in</strong></span> <span class='ocrx_word' id='word_1_274' title='bbox 615 4137 689 4201; x_wconf 89' lang='lat' dir='ltr'><strong>Chr.</strong></span> <span class='ocrx_word' id='word_1_275' title='bbox 722 4144 802 4216; x_wconf 87' lang='lat' dir='ltr'><strong>patri</strong></span> <span class='ocrx_word' id='word_1_276' title='bbox 833 4137 1028 4218; x_wconf 88' lang='lat' dir='ltr'><strong>Reymundo</strong></span> <span class='ocrx_word' id='word_1_277' title='bbox 1058 4136 1212 4198; x_wconf 88' lang='lat' dir='ltr'><strong>Valencie</strong></span> <span class='ocrx_word' id='word_1_278' title='bbox 1243 4139 1420 4214; x_wconf 88' lang='lat' dir='ltr'><strong>episcopo«</strong></span> <span class='ocrx_word' id='word_1_279' title='bbox 1443 4137 1474 4191; x_wconf 90' lang='grc'><strong>&gt;&lt;</strong></span> <span class='ocrx_word' id='word_1_280' title='bbox 1495 4134 1515 4198; x_wconf 88' lang='lat' dir='ltr'><strong>i.</strong></span> <span class='ocrx_word' id='word_1_281' title='bbox 1548 4133 1628 4196; x_wconf 83' lang='grc'><strong>2591</strong></span> <span class='ocrx_word' id='word_1_282' title='bbox 1655 4139 1798 4214; x_wconf 72' lang='lat' dir='ltr'><strong>(rubrict)</strong></span> 
     </span>
     <span class='ocr_line' id='line_1_37' title="bbox 402 4222 1801 4304; baseline -0.003 -16"><span class='ocrx_word' id='word_1_283' title='bbox 402 4226 533 4302; x_wconf 85' lang='lat' dir='ltr'><strong>»Incipit</strong></span> <span class='ocrx_word' id='word_1_284' title='bbox 555 4230 617 4304; x_wconf 88' lang='lat' dir='ltr'><strong>(sic</strong></span> <span class='ocrx_word' id='word_1_285' title='bbox 641 4243 699 4304; x_wconf 91' lang='lat' dir='ltr'><strong>pro</strong></span> <span class='ocrx_word' id='word_1_286' title='bbox 721 4224 871 4304; x_wconf 84' lang='lat' dir='ltr'><strong>Explicit)</strong></span> <span class='ocrx_word' id='word_1_287' title='bbox 895 4226 974 4286; x_wconf 91' lang='lat' dir='ltr'><strong>liber</strong></span> <span class='ocrx_word' id='word_1_288' title='bbox 996 4229 1050 4303; x_wconf 90' lang='lat' dir='ltr'><strong>qui</strong></span> <span class='ocrx_word' id='word_1_289' title='bbox 1075 4223 1191 4286; x_wconf 89' lang='lat' dir='ltr'><strong>dicitur</strong></span> <span class='ocrx_word' id='word_1_290' title='bbox 1229 4222 1416 4301; x_wconf 81' lang='lat' dir='ltr'><strong>ilianipulus</strong></span> <span class='ocrx_word' id='word_1_291' title='bbox 1440 4228 1625 4284; x_wconf 86' lang='lat' dir='ltr'><strong>curatorum</strong></span> <span class='ocrx_word' id='word_1_292' title='bbox 1650 4223 1757 4283; x_wconf 88' lang='lat' dir='ltr'><strong>editus</strong></span> <span class='ocrx_word' id='word_1_293' title='bbox 1780 4241 1801 4284; x_wconf 92' lang='lat' dir='ltr'><strong>a</strong></span> 
     </span>
     <span class='ocr_line' id='line_1_38' title="bbox 401 4307 1538 4391; baseline -0.002 -19"><span class='ocrx_word' id='word_1_294' title='bbox 401 4316 556 4391; x_wconf 88' lang='lat' dir='ltr'><strong>magistro</strong></span> <span class='ocrx_word' id='word_1_295' title='bbox 579 4311 741 4373; x_wconf 88' lang='lat' dir='ltr'><strong>Gwidone</strong></span> <span class='ocrx_word' id='word_1_296' title='bbox 766 4313 806 4372; x_wconf 90' lang='lat' dir='ltr'><strong>de</strong></span> <span class='ocrx_word' id='word_1_297' title='bbox 830 4311 941 4374; x_wconf 88' lang='lat' dir='ltr'><strong>Monte</strong></span> <span class='ocrx_word' id='word_1_298' title='bbox 966 4311 1101 4372; x_wconf 89' lang='lat' dir='ltr'><strong>Racheri</strong></span> <span class='ocrx_word' id='word_1_299' title='bbox 1124 4316 1157 4372; x_wconf 92' lang='lat' dir='ltr'><strong>in</strong></span> <span class='ocrx_word' id='word_1_300' title='bbox 1181 4314 1308 4371; x_wconf 88' lang='lat' dir='ltr'><strong>civitate</strong></span> <span class='ocrx_word' id='word_1_301' title='bbox 1332 4307 1461 4370; x_wconf 83' lang='lat' dir='ltr'><strong>Turoli«</strong></span> <span class='ocrx_word' id='word_1_302' title='bbox 1482 4360 1487 4370; x_wconf 95' lang='lat'><strong>.</strong></span> <span class='ocrx_word' id='word_1_303' title='bbox 1508 4359 1538 4370; x_wconf 89' lang='lat'><strong>..</strong></span> 
     </span>
    </p>

    <p class='ocr_par' dir='ltr' id='par_1_16' title="bbox 508 4393 1349 4478">
     <span class='ocr_line' id='line_1_39' title="bbox 508 4393 1349 4478; baseline -0.002 -18"><span class='ocrx_word' id='word_1_304' title='bbox 508 4399 528 4460; x_wconf 86' lang='lat' dir='ltr'><strong>l.</strong></span> <span class='ocrx_word' id='word_1_305' title='bbox 553 4393 961 4478; x_wconf 67' lang='lat' dir='ltr'><strong>25912-2601‘Regrstrum</strong></span> <span class='ocrx_word' id='word_1_306' title='bbox 984 4401 1092 4477; x_wconf 90' lang='lat' dir='ltr'><strong>operis</strong></span> <span class='ocrx_word' id='word_1_307' title='bbox 1116 4397 1349 4477; x_wconf 73' lang='lat' dir='ltr'><strong>praecedentis,</strong></span> 
     </span>
    </p>

    <p class='ocr_par' dir='ltr' id='par_1_17' title="bbox 508 4482 1297 4548">
     <span class='ocr_line' id='line_1_40' title="bbox 508 4482 1297 4548; baseline -0.001 -2"><span class='ocrx_word' id='word_1_308' title='bbox 508 4484 528 4547; x_wconf 89' lang='lat' dir='ltr'><strong>l.</strong></span> <span class='ocrx_word' id='word_1_309' title='bbox 553 4482 736 4547; x_wconf 85' lang='grc'><strong>2601-261</strong></span> <span class='ocrx_word' id='word_1_310' title='bbox 759 4485 880 4548; x_wconf 65' lang='lat' dir='ltr'><strong>*Notae</strong></span> <span class='ocrx_word' id='word_1_311' title='bbox 904 4487 1000 4548; x_wconf 88' lang='lat' dir='ltr'><strong>theol.</strong></span> <span class='ocrx_word' id='word_1_312' title='bbox 1026 4493 1058 4546; x_wconf 90' lang='lat' dir='ltr'><strong>et</strong></span> <span class='ocrx_word' id='word_1_313' title='bbox 1079 4487 1297 4546; x_wconf 79' lang='lat' dir='ltr'><strong>auctoritates,</strong></span> 
     </span>
    </p>

    <p class='ocr_par' dir='ltr' id='par_1_18' title="bbox 400 4567 1801 4896">
     <span class='ocr_line' id='line_1_41' title="bbox 508 4567 1801 4649; baseline -0.003 -16"><span class='ocrx_word' id='word_1_314' title='bbox 508 4573 529 4635; x_wconf 90' lang='lat' dir='ltr'><strong>i.</strong></span> <span class='ocrx_word' id='word_1_315' title='bbox 554 4570 759 4634; x_wconf 73' lang='grc'><strong>2611-2631</strong></span> <span class='ocrx_word' id='word_1_316' title='bbox 777 4572 959 4636; x_wconf 80' lang='lat' dir='ltr'><strong>Tractatus</strong></span> <span class='ocrx_word' id='word_1_317' title='bbox 998 4573 1041 4634; x_wconf 88' lang='lat' dir='ltr'><strong>de</strong></span> <span class='ocrx_word' id='word_1_318' title='bbox 1071 4571 1185 4635; x_wconf 89' lang='lat' dir='ltr'><strong>modis</strong></span> <span class='ocrx_word' id='word_1_319' title='bbox 1218 4567 1440 4649; x_wconf 89' lang='lat' dir='ltr'><strong>praedicandi</strong></span> <span class='ocrx_word' id='word_1_320' title='bbox 1472 4568 1697 4632; x_wconf 81' lang='lat' dir='ltr'><strong>»Divisionum</strong></span> <span class='ocrx_word' id='word_1_321' title='bbox 1729 4586 1801 4630; x_wconf 89' lang='lat' dir='ltr'><strong>sew</strong></span> 
     </span>
     <span class='ocr_line' id='line_1_42' title="bbox 401 4655 1801 4738; baseline -0.002 -18"><span class='ocrx_word' id='word_1_322' title='bbox 401 4660 630 4721; x_wconf 89' lang='lat' dir='ltr'><strong>dilatacionum</strong></span> <span class='ocrx_word' id='word_1_323' title='bbox 653 4659 761 4723; x_wconf 89' lang='lat' dir='ltr'><strong>XLlIlI</strong></span> <span class='ocrx_word' id='word_1_324' title='bbox 785 4667 862 4722; x_wconf 89' lang='lat' dir='ltr'><strong>sunt</strong></span> <span class='ocrx_word' id='word_1_325' title='bbox 884 4677 1032 4738; x_wconf 80' lang='lat' dir='ltr'><strong>genera«</strong></span> <span class='ocrx_word' id='word_1_326' title='bbox 1061 4662 1092 4716; x_wconf 87' lang='lat'><strong>&gt;&lt;</strong></span> <span class='ocrx_word' id='word_1_327' title='bbox 1118 4660 1211 4720; x_wconf 88' lang='lat' dir='ltr'><strong>»ideo</strong></span> <span class='ocrx_word' id='word_1_328' title='bbox 1235 4659 1316 4718; x_wconf 86' lang='lat' dir='ltr'><strong>salvi</strong></span> <span class='ocrx_word' id='word_1_329' title='bbox 1340 4655 1416 4718; x_wconf 90' lang='lat' dir='ltr'><strong>iacti</strong></span> <span class='ocrx_word' id='word_1_330' title='bbox 1440 4663 1526 4718; x_wconf 90' lang='lat' dir='ltr'><strong>sunt.</strong></span> <span class='ocrx_word' id='word_1_331' title='bbox 1552 4655 1615 4718; x_wconf 89' lang='lat' dir='ltr'><strong>Det</strong></span> <span class='ocrx_word' id='word_1_332' title='bbox 1638 4658 1734 4718; x_wconf 88' lang='lat' dir='ltr'><strong>nobis</strong></span> <span class='ocrx_word' id='word_1_333' title='bbox 1757 4661 1801 4718; x_wconf 89' lang='lat' dir='ltr'><strong>ita</strong></span> 
     </span>
     <span class='ocr_line' id='line_1_43' title="bbox 401 4743 1800 4828; baseline -0.001 -22"><span class='ocrx_word' id='word_1_334' title='bbox 401 4747 483 4807; x_wconf 89' lang='lat' dir='ltr'><strong>deus</strong></span> <span class='ocrx_word' id='word_1_335' title='bbox 508 4751 722 4825; x_wconf 89' lang='lat' dir='ltr'><strong>penitenciam</strong></span> <span class='ocrx_word' id='word_1_336' title='bbox 747 4749 789 4808; x_wconf 91' lang='lat' dir='ltr'><strong>ad</strong></span> <span class='ocrx_word' id='word_1_337' title='bbox 814 4765 888 4808; x_wconf 89' lang='lat' dir='ltr'><strong>eum</strong></span> <span class='ocrx_word' id='word_1_338' title='bbox 912 4745 1071 4828; x_wconf 89' lang='lat' dir='ltr'><strong>ve(nire?).</strong></span> <span class='ocrx_word' id='word_1_339' title='bbox 1108 4745 1148 4807; x_wconf 91' lang='lat' dir='ltr'><strong>Et</strong></span> <span class='ocrx_word' id='word_1_340' title='bbox 1178 4749 1225 4806; x_wconf 90' lang='lat' dir='ltr'><strong>sic</strong></span> <span class='ocrx_word' id='word_1_341' title='bbox 1257 4751 1308 4805; x_wconf 87' lang='lat' dir='ltr'><strong>est</strong></span> <span class='ocrx_word' id='word_1_342' title='bbox 1337 4743 1413 4804; x_wconf 83' lang='lat' dir='ltr'><strong>linis</strong></span> <span class='ocrx_word' id='word_1_343' title='bbox 1443 4745 1542 4804; x_wconf 87' lang='lat' dir='ltr'><strong>huius</strong></span> <span class='ocrx_word' id='word_1_344' title='bbox 1573 4745 1662 4805; x_wconf 92' lang='lat' dir='ltr'><strong>modi</strong></span> <span class='ocrx_word' id='word_1_345' title='bbox 1696 4744 1800 4823; x_wconf 90' lang='lat' dir='ltr'><strong>predi-</strong></span> 
     </span>
     <span class='ocr_line' id='line_1_44' title="bbox 400 4834 525 4896; baseline 0 -2"><span class='ocrx_word' id='word_1_346' title='bbox 400 4834 525 4896; x_wconf 80' lang='lat' dir='ltr'><strong>candi«</strong></span> 
     </span>
    </p>

    <p class='ocr_par' dir='ltr' id='par_1_19' title="bbox 401 4917 1798 5087">
     <span class='ocr_line' id='line_1_45' title="bbox 507 4917 1798 4999; baseline -0.002 -18"><span class='ocrx_word' id='word_1_347' title='bbox 507 4921 528 4982; x_wconf 88' lang='lat' dir='ltr'><strong>i.</strong></span> <span class='ocrx_word' id='word_1_348' title='bbox 552 4918 756 4982; x_wconf 75' lang='grc'><strong>2631-2741</strong></span> <span class='ocrx_word' id='word_1_349' title='bbox 776 4921 964 4983; x_wconf 87' lang='lat' dir='ltr'><strong>Sermones</strong></span> <span class='ocrx_word' id='word_1_350' title='bbox 987 4920 1041 4999; x_wconf 90' lang='lat' dir='ltr'><strong>(de</strong></span> <span class='ocrx_word' id='word_1_351' title='bbox 1065 4923 1270 4989; x_wconf 84' lang='lat' dir='ltr'><strong>ascensione,</strong></span> <span class='ocrx_word' id='word_1_352' title='bbox 1295 4917 1336 4978; x_wconf 89' lang='lat' dir='ltr'><strong>de</strong></span> <span class='ocrx_word' id='word_1_353' title='bbox 1360 4922 1606 4987; x_wconf 85' lang='lat' dir='ltr'><strong>resurrectione,</strong></span> <span class='ocrx_word' id='word_1_354' title='bbox 1630 4918 1714 4979; x_wconf 91' lang='lat' dir='ltr'><strong>des.</strong></span> <span class='ocrx_word' id='word_1_355' title='bbox 1732 4921 1798 4996; x_wconf 89' lang='lat' dir='ltr'><strong>spi-</strong></span> 
     </span>
     <span class='ocr_line' id='line_1_46' title="bbox 401 5007 986 5087; baseline -0.003 -17"><span class='ocrx_word' id='word_1_356' title='bbox 401 5013 461 5070; x_wconf 90' lang='lat' dir='ltr'><strong>n&#39;tu</strong></span> <span class='ocrx_word' id='word_1_357' title='bbox 485 5015 560 5082; x_wconf 89' lang='lat' dir='ltr'><strong>tres,</strong></span> <span class='ocrx_word' id='word_1_358' title='bbox 585 5010 625 5069; x_wconf 90' lang='lat' dir='ltr'><strong>de</strong></span> <span class='ocrx_word' id='word_1_359' title='bbox 650 5007 682 5070; x_wconf 88' lang='lat' dir='ltr'><strong>S.</strong></span> <span class='ocrx_word' id='word_1_360' title='bbox 707 5008 856 5070; x_wconf 80' lang='lat' dir='ltr'><strong>iohanne</strong></span> <span class='ocrx_word' id='word_1_361' title='bbox 880 5007 986 5087; x_wconf 88' lang='lat' dir='ltr'><strong>Bapt.)</strong></span> 
     </span>
    </p>
   </div>
   <div class='ocr_carea' id='block_1_11' title="bbox 1080 5229 1114 5280">
    <p class='ocr_par' dir='ltr' id='par_1_20' title="bbox 1080 5229 1114 5280">
     <span class='ocr_line' id='line_1_47' title="bbox 1080 5229 1114 5280; baseline -0.059 0"><span class='ocrx_word' id='word_1_362' title='bbox 1080 5229 1114 5280; x_wconf 80' lang='lat'><strong>³2</strong></span> 
     </span>
    </p>
   </div>
   <div class='ocr_carea' id='block_1_12' title="bbox 0 0 2032 5972">
    <p class='ocr_par' dir='ltr' id='par_1_21' title="bbox 0 0 2032 5972">
     <span class='ocr_line' id='line_1_48' title="bbox 0 0 2032 5972; baseline 0 0"><span class='ocrx_word' id='word_1_363' title='bbox 0 0 2032 5972; x_wconf 95' lang='lat' dir='ltr'><strong> </strong></span> 
     </span>
    </p>
   </div>
  </div>
 </body>
</html>
