4004 5966
1050 549 1114 610 396

384 761 532 838 plebibus
555 760 698 822 fidelium
730 761 848 824 Christi
878 761 957 822 Jesu
987 761 1208 839 quotidianam
1239 763 1295 819 aut
1317 759 1397 818 alias
1421 758 1622 836 frequentem
1646 763 1782 824 mandu-

385 851 553 908 cacionem
578 853 609 908 et
632 849 826 910 bibicionem
850 852 995 927 corporis
1025 856 1057 908 et
1087 850 1267 924 sangwinis
1298 844 1377 905 Jesu
1408 843 1557 906 Christi«
1594 847 1785 928 (Exemplar

384 935 447 994 hoc
470 935 512 994 ab
535 939 607 1013 ipso
623 940 755 996 auctore
779 939 810 996 in
834 939 977 1013 margine
994 944 1026 995 et
1038 934 1170 994 schedis
1182 936 1312 993 insertis
1328 937 1508 994 correctum
1526 949 1601 994 esse
1618 935 1779 1010 videtur).

386 1019 419 1081 ln
443 1019 464 1081 1.
493 1021 547 1081 151
575 1022 736 1082 rubricata
759 1022 921 1101 quaedam
944 1027 1023 1083 nota
1045 1025 1077 1081 in
1100 1023 1244 1097 margine
1268 1020 1381 1078 evulsa
1404 1023 1463 1080 est.

493 1127 567 1182 Cum
591 1131 628 1184 ad
652 1129 763 1183 calcem
787 1129 805 1186 1.
833 1131 845 1184 1
873 1131 953 1184 etin
977 1128 1070 1183 fronte
1093 1127 1142 1184 iol.
1166 1127 1221 1181 41·
1244 1133 1398 1181 occurrant
1432 1132 1519 1182 notae
1545 1126 1621 1182 ›lste
1644 1135 1688 1184 est
1710 1129 1784 1184 liber

383 1213 423 1269 M.
448 1213 556 1269 Mathie
581 1217 616 1270 de
639 1215 774 1285 Janow«‚
798 1215 866 1270 item
890 1231 966 1287 opus
986 1214 1009 1269 1.
1038 1214 1203 1270 roe-178
1227 1214 1321 1284 ipsius
1344 1211 1484 1268 Matthiae
1497 1215 1543 1280 sit,
1567 1216 1699 1270 dubitare
1724 1231 1784 1270 non

383 1316 553 1371 possumus,
589 1303 660 1371 quin
690 1303 781 1357 totius
811 1303 922 1358 codicis
953 1302 1155 1356 celeberrimus
1187 1301 1235 1354 ille
1264 1314 1437 1370 praecursor
1459 1301 1606 1355 husitismi
1629 1317 1786 1372 possessor

385 1387 477 1457 luerit,
506 1387 534 1443 id
565 1391 644 1458 quod
674 1391 778 1458 probat
808 1386 937 1458 Palacky
970 1387 989 1444 l.
1021 1404 1047 1444 c.
1071 1385 1104 1441 In
1128 1387 1176 1442 sol.
1200 1387 1360 1456 praeligato
1382 1389 1564 1457 reperiuntur
1585 1391 1645 1442 duo
1668 1389 1786 1459 prothe-

384 1482 464 1529 mata
486 1489 653 1529 sermonum
683 1475 727 1545 (in
751 1475 824 1530 festo
848 1475 995 1530 Laurentii
1018 1476 1098 1529 etin
1121 1473 1329 1543 dedicatione),
1353 1488 1428 1544 quae
1451 1488 1541 1528 manu
1564 1474 1696 1529 eiusdem
1709 1473 1787 1530 Mat-

385 1561 462 1615 thiae
484 1563 593 1616 inserta
616 1577 681 1618 esse
704 1562 848 1618 videntur.

489 1743 569 1826 396
832 1747 903 1822 III.
931 1748 979 1823 A.
1008 1746 1168 1827 II.(Y.1.
1188 1764 1211 1813 r.
1230 1779 1256 1814 a.
1277 1765 1329 1824 rr.)

385 1884 492 1946 chart.
515 1902 603 1947 saec.
619 1885 705 1947 XIV
715 1885 764 1966 ff.
788 1888 853 1951 152
875 1907 979 1963 raram„
1002 1887 1176 1950 29·5><2r
1201 1905 1264 1948 cm.
1287 1888 1310 1948 2
1331 1906 1376 1948 m.

493 2006 513 2068 i.
542 2007 658 2068 1-30·
681 2007 872 2088 (Guilelmi)
895 2009 1024 2070 Hesbri
1047 2009 1103 2088 (z
1116 2008 1345 2087 Hentisberii)
1377 2008 1514 2086 Logica.
1548 2007 1691 2086 »Regula
1721 2011 1785 2068 sol-

385 2094 727 2240 igerisqirispphismatac
755 2100 787 2153 ><
813 2100 931 2156 »nimia
960 2100 1159 2156 narracionis
1184 2097 1359 2174 prolixitas.
1384 2095 1425 2156 Et
1447 2100 1495 2156 sic
1519 2101 1571 2156 est
1592 2096 1668 2156 finis
1692 2096 1786 2174 loyce

495 2284 514 2345 1.
539 2283 723 2346 31·-104·
745 2285 888 2347 Bernkil
912 2287 954 2364 (i)
977 2285 1113 2363 Logica.
1148 2286 1218 2346 »Ad
1241 2286 1373 2364 loycam
1408 2285 1673 2364 pertractandum
1697 2289 1789 2364 cogit

389 2387 440 2430 me
464 2376 668 2450 superiorum
691 2390 839 2434 meorum
863 2377 1056 2434 auctoritas«
1076 2375 1109 2432 ><
1130 2372 1207 2432 »sed
1231 2389 1333 2433 causa
1357 2372 1522 2432 brevitatis
1546 2389 1634 2434 nunc
1651 2372 1787 2433 obmitto

389 2456 573 2534 frequenter
596 2458 728 2520 interius
753 2459 793 2519 de
817 2461 878 2521 hiis
901 2465 1125 2521 tractaturus«

496 2560 515 2621 1.
545 2561 745 2623 105·-152·
768 2563 902 2625 Alberti
925 2564 981 2637 (de
1005 2560 1175 2642 Saxonia)
1196 2561 1433 2640 Sophismata.
1459 2559 1530 2623 »Ob
1545 2568 1694 2639 rogatum
1707 2579 1788 2642 quo-

388 2647 526 2708 rundam
550 2653 713 2710 sociorum
739 2649 801 2710 deo
824 2649 971 2711 favente«
999 2653 1031 2706 ><
1057 2654 1111 2710 »ut
1134 2653 1322 2727 oppositum
1345 2653 1440 2709 istius
1456 2649 1595 2728 probant
1610 2653 1710 2728 prime
1723 2649 1788 2710 due

390 2738 547 2795 raciones
572 2735 613 2796 Et
636 2740 683 2796 sic
707 2743 758 2796 est
780 2736 856 2798 finis
880 2736 977 2798 huius
1001 2743 1082 2797 etc«
1108 2734 1261 2814 Sequitur
1284 2739 1455 2812 registrum
1481 2737 1733 2814 sophismatum.

497 2857 714 2929 Opusculorum
738 2861 828 2916 hocce
851 2862 953 2916 codice
977 2867 1181 2916 contentorum
1205 2861 1301 2915 solum
1324 2861 1448 2931 primum
1471 2859 1593 2930 praefert
1617 2875 1723 2914 nomen
1740 2863 1788 2916 sui

390 2948 527 3013 auctoris,
552 2953 687 3001 auctores
711 2948 832 3003 secundi
857 2957 884 3003 et
907 2949 983 3004 tertii
1007 2949 1188 3019 sumpsimus
1211 2963 1248 3002 ex
1270 2947 1460 3018 inscriptione
1478 2947 1634 3012 rubricata,
1652 2962 1726 3018 quae
1743 2954 1789 3002 est

388 3031 565 3087 intrinsecus
588 3033 618 3088 in
642 3035 780 3103 operculo
804 3037 961 3106 superiori:
989 3033 1089 3089 »Istud
1113 3041 1157 3090 est
1181 3036 1319 3088 volumen
1351 3032 1521 3088 Wenceslai
1544 3037 1580 3088 de
1605 3033 1739 3089 Wessele
1762 3041 1791 3088 et

390 3119 555 3173 continetur
578 3119 607 3173 in
630 3135 665 3174 eo
689 3120 795 3190 logyca
818 3122 926 3188 hesbri,
950 3122 1039 3191 loyca
1061 3121 1158 3176 B’nlril
1182 3129 1210 3175 et
1232 3121 1416 3190 zophismata
1438 3119 1560 3176 Alberti.
1584 3134 1636 3191 pro
1660 3121 1701 3176 40
1724 3136 1788 3190 gr.«

390 3205 545 3260 Auctorem
568 3204 686 3260 Bernkil
710 3223 856 3277 nusquam
880 3210 1054 3277 investigare
1078 3209 1237 3279 potuimus.
1260 3206 1382 3278 Utrique
1407 3209 1499 3262 assen'
1522 3208 1706 3276 adglutinata
1722 3215 1791 3262 sunt

390 3293 459 3346 lolia
482 3293 583 3360 chart,
607 3295 715 3363 quibus
738 3295 835 3350 scriba
858 3297 981 3350 secundi
1005 3301 1032 3350 et
1054 3295 1130 3351 tertii
1153 3299 1249 3365 operis
1273 3301 1359 3349 notas
1382 3295 1526 3363 quasdam
1549 3293 1689 3364 logicales
1713 3295 1792 3348 inse-

391 3379 458 3435 ruit.
483 3377 575 3433 Vetus
599 3379 674 3450 sign.
697 3380 731 3448 B,
754 3381 805 3440 40.

497 3546 577 3630 397
841 3548 914 3624 III.
942 3549 989 3624 A.
1017 3547 1078 3624 12.
1094 3564 1139 3630 (Y.
1158 3571 1179 3615 1·
1199 3565 1223 3614 4·
1242 3581 1267 3616 n.
1287 3566 1340 3624 12.)

391 3690 496 3752 chari.
518 3706 606 3752 saec.
629 3687 826 3752 XIV-XV
834 3687 881 3770 ff.
904 3687 969 3751 199
992 3705 1094 3764 rrum„
1116 3687 1259 3750 50><20
1281 3707 1342 3750 cm.
1366 3690 1384 3752 1
1408 3707 1453 3752 m.

499 3811 519 3875 1.
549 3806 685 3892 l³÷65b
708 3810 741 3873 S.
765 3808 940 3873 Johannis
963 3809 1211 3888 Chrysostomi
1225 3809 1420 3888 Opuscula:
1437 3811 1458 3872 i.
1476 3811 1487 3872 l
1508 3809 1559 3872 De
1571 3809 1792 3888 reparatione

393 3898 494 3977 lapsi.
530 3897 631 3977 »Quis
663 3899 751 3959 dabit
780 3901 876 3976 capiti
907 3913 982 3958 meo
1013 3914 1153 3977 aquam«
1179 3898 1212 3956 ><
1238 3899 1320 3958 »alia
1350 3899 1433 3958 ultra
1464 3898 1704 3959 medicamenta
1725 3914 1791 3959 non

392 4002 539 4064 queras.‹
577 3985 597 4046 i.
629 3984 671 4044 23
693 3981 744 4046 De
767 3984 1037 4063 compunctione
1067 3983 1183 4045 cordis
1216 3984 1259 4044 ad
1294 3984 1494 4046 Demetrium
1530 3991 1561 4045 et
1595 3983 1791 4046 Stelechium

393 4077 519 4146 (noster
541 4073 667 4133 scribit:
693 4069 918 4148 Sterlencum).
944 4071 963 4132 i.
988 4066 1047 4130 42·
1069 4068 1122 4132 De
1146 4087 1247 4132 cruce
1271 4072 1370 4132 etde
1393 4071 1537 4134 latrone.
1563 4070 1584 4132 i.
1608 4069 1652 4132 50
1675 4069 1724 4134 De
1740 4087 1792 4146 eo,

392 4158 484 4237 quod
507 4174 610 4221 nemo
644 4159 759 4236 possit
787 4158 877 4220 laedi
908 4157 951 4218 ab
982 4157 1052 4219 alio
1082 4156 1152 4219 nisi
1181 4174 1202 4218 a
1225 4174 1264 4220 ee
1288 4157 1377 4235 ipso.
1412 4159 1433 4220 i.
1457 4157 1499 4218 63
1522 4155 1573 4218 De
1597 4157 1793 4220 eruditione

393 4245 609 4324 disciplinae.
644 4245 664 4306 i.
696 4245 755 4305 65·
788 4245 848 4306 »Et
878 4249 925 4305 sic
956 4251 1008 4306 est
1037 4243 1112 4305 linis
1143 4245 1173 4304 b.
1204 4243 1364 4307 Johannis
1399 4244 1596 4308 Crisostomi
1631 4245 1673 4306 ad
1705 4243 1791 4308 Ster-

392 4335 541 4394 lencum«
566 4337 653 4407 (sie).

500 4436 521 4498 t.
545 4433 707 4498 66·-98·
730 4435 765 4499 S.
787 4434 976 4514 Augustini
999 4435 1034 4514 a)
1057 4434 1147 4497 liber
1168 4433 1450 4514 Soliloquiorum‚
1472 4436 1507 4511 b)
1530 4434 1697 4514 suspiria.

501 4541 522 4602 1.
553 4538 737 4602 98·-101·
770 4539 805 4603 S.
837 4538 1013 4602 Johannis
1047 4538 1293 4619 chrysostomi
1330 4542 1470 4603 »Sermo
1505 4542 1548 4602 de
1581 4539 1637 4603 die
1670 4545 1792 4603 sancto

395 4629 607 4709 penthecoste
631 4628 663 4689 id
687 4633 737 4688 est
759 4627 801 4687 de
824 4643 852 4689 s.
876 4627 1032 4705 spiritu«

502 4750 522 4812 i.
551 4743 754 4812 loli-qua
776 4748 811 4812 S.
833 4747 1023 4828 Augustini
1053 4747 1076 4810 1.
1109 4743 1185 4809 101·
1216 4750 1258 4810 de
1289 4751 1408 4812 decem
1432 4749 1582 4826 chordis,
1606 4748 1629 4811 1.
1655 4747 1730 4811 106·
1752 4747 1794 4810 de

393 4838 467 4899 vita
497 4837 699 4912 christiana,
730 4835 751 4898 1.
786 4834 861 4896 116·
891 4838 933 4898 de
957 4835 1115 4898 doctrina
1145 4835 1345 4907 christiana,
1379 4835 1402 4898 1.
1429 4833 1505 4898 173·
1527 4837 1569 4898 de
1591 4835 1794 4898 visitatione

395 4923 623 5000 infirmorum,
646 4923 668 4986 1.
696 4917 771 4985 181·
794 4922 836 4986 de
860 4925 1044 4986 honestate
1061 4921 1255 4998 mulierum,
1272 4922 1294 4985 1.
1313 4922 1443 4985 183·de
1459 4929 1662 5002 contemptu
1674 4923 1795 4985 mundi

395 5010 620 5088 adeletiam,
644 5009 666 5072 1.
693 5009 768 5072 186·
790 5010 832 5073 de
857 5011 958 5073 beato
980 5011 1126 5086 latrone,
1150 5009 1172 5072 1.
1199 5009 1275 5071 188·
1297 5009 1554 5073 meditationes.

1074 5233 1122 5283 154
