4004 5966
352 737 372 801 i.
402 736 602 800 iser-rim
624 745 782 815 (anepigr.)
815 739 996 804 Tractatue
1031 740 1073 801 de
1104 740 1326 802 immaculata
1357 743 1584 820 conceptione
1612 761 1641 806 s.

244 825 383 888 Mariae.
417 824 609 906 »(N)ecdum
633 833 726 888 erant
755 828 867 904 abissi,
902 833 933 887 et
962 844 1023 904 ego
1055 831 1117 888 iam
1141 833 1300 905 concepta
1323 845 1430 889 eram«
1456 831 1489 888 ><
1515 831 1585 892 »hic
1609 836 1640 892 in

245 917 385 990 presenti
409 930 466 992 per
489 917 631 990 graciam
656 918 742 974 etin
766 913 873 974 futuro
897 931 954 992 per
974 915 1109 994 gloriam
1133 914 1268 975 limera«

353 1017 372 1078 i.
401 1016 477 1078 176ιι
504 1017 632 1079 »Cause
655 1035 754 1096 quare
778 1018 921 1096 laycales
944 1035 1010 1078 non
1034 1022 1316 1079 communicantur
1339 1019 1402 1080 sub
1426 1025 1593 1098 utraque«

352 1121 372 1182 s.
401 1118 601 1182 1761-179Ι
625 1120 746 1184 Sermo
770 1121 811 1182 de
835 1137 981 1198 corpore
1004 1120 1144 1183 Christi.
1172 1119 1253 1200 »Qui
1277 1123 1453 1183 manducat
1476 1125 1562 1185 hunc
1586 1141 1642 1201 pa·

245 1225 337 1268 nem·
368 1211 405 1283 ><
434 1213 559 1268 »vivere
583 1225 658 1269 eum
682 1224 723 1269 eo
746 1212 777 1268 in
802 1215 978 1268 eternum«

353 1309 372 1370 i.
401 1307 600 1373 filib-191b
624 1310 805 1373 Tractatus
829 1317 950 1373 contra
972 1310 1253 1373 communionem
1277 1314 1342 1373 sub
1366 1317 1509 1389 utraque
1526 1318 1641 1375 osten-

244 1397 343 1472 dere,
370 1400 480 1474 »quod
504 1415 573 1460 non
597 1398 664 1459 alia
686 1397 851 1459 distincta
872 1397 989 1475 gracia
1005 1397 1269 1459 sacramentalis
1295 1447 1300 1458 .
1326 1446 1333 1459 .
1359 1445 1366 1460 .
1390 1416 1452 1476 per
1468 1400 1642 1478 suscepci-

245 1500 348 1546 onem
370 1485 522 1547 secunde
545 1484 674 1556 speciei
696 1485 890 1562 largiatur.«

353 1587 373 1648 i.
415 1587 615 1650 1921-2051
648 1587 831 1650 Tractatus
869 1588 928 1649 »de
962 1587 1161 1648 imitacione
1199 1587 1330 1650 Christi
1367 1597 1402 1650 ct
1439 1595 1643 1667 contemptu

245 1674 400 1736 omnium
423 1675 617 1737 vanitatum
642 1674 779 1736 mundi«
806 1679 837 1736 in
860 1674 902 1735 25
933 1691 1002 1752 cap.
1034 1674 1170 1734 divisus.
1205 1674 1287 1752 »Qui
1318 1680 1464 1754 sequitur
1487 1693 1549 1751 me,
1573 1694 1640 1739 non

245 1763 388 1822 ambulat
411 1765 442 1823 in
467 1763 625 1823 tenebris«
655 1763 692 1837 ><
721 1766 896 1840 »quantum
920 1761 1058 1840 tibiipsi
1088 1765 1154 1822 vim
1185 1763 1328 1822 intuleris
1352 1768 1411 1823 etc.
1437 1763 1572 1824 Amen«

354 1864 373 1925 i.
398 1863 603 1926 2051-208ιι
627 1864 796 1943 Expositio
819 1869 974 1926 orationis
998 1865 1191 1926 dominicae.

353 1969 373 2030 i.
398 1965 586 2030 20822-363
610 1968 798 2031 Sermones
820 1968 862 2029 de
886 1967 1027 2029 sanctis.
1053 1968 1101 2046 (ln
1125 1968 1176 2028 die
1201 1967 1238 2029 O.
1254 1968 1302 2044 S.)
1321 1969 1434 2030 »Diem
1450 1970 1639 2032 solennem«

249 2057 286 2134 ><
313 2073 399 2117 »non
422 2056 592 2134 prandium
617 2055 676 2116 sed
700 2072 783 2117 cena
804 2061 967 2116 vocatur«

354 2159 373 2220 i.
398 2157 480 2220 3641‘
508 2152 724 2222 Poadraveni
752 2153 874 2221 boiiho
908 2150 978 2220 tela
1015 2155 1197 2220 veriovane'
1231 2163 1264 2232 (z
1295 2161 1400 2221 konce
1431 2158 1500 2220 XV.
1536 2162 1642 2232 stol.):

252 2245 337 2307 -ssud
363 2246 583 2325 pozdrawcno
606 2251 710 2306 sivate
733 2247 849 2307 buozie
867 2246 970 2305 ticio«.
996 2244 1035 2320 (Z
1058 2245 1128 2323 rkp.
1152 2244 1172 2304 l.
1198 2243 1231 2304 F.
1248 2244 1289 2305 37
1306 2246 1382 2325 vyd.
1407 2241 1533 2320 Hanus,
1554 2245 1644 2326 Maly

246 2331 358 2412 rubor,
383 2339 437 2393 str.
461 2333 529 2406 62).

353 2439 385 2494 ln
409 2441 547 2510 operculo
570 2455 667 2512 super.
692 2456 781 2495 manu
804 2455 882 2495 saec.
907 2438 962 2493 XV
985 2444 1118 2495 notatur:
1148 2437 1219 2495 »Hic
1242 2438 1316 2494 liber
1331 2435 1480 2515 (pertinet)
1498 2443 1534 2495 ad
1551 2439 1644 2495 eccle-

246 2527 320 2582 siam
351 2528 380 2582 b.
412 2525 503 2582 Marie
534 2527 657 2597 virginis
682 2571 688 2584 .
715 2571 721 2584 .
748 2570 754 2583 .
786 2525 1000 2597 Winterberg.«
1034 2525 1144 2580 Deinde
1173 2527 1267 2581 codex
1298 2527 1367 2581 bibl.
1398 2525 1643 2597 Rosenbergicae,

247 2623 393 2684 postremo
416 2613 585 2669 monasterii
608 2611 804 2668 'l'iebonensis
828 2612 890 2671 luit.

349 2797 415 2880 216
860 2797 889 2874 I.
916 2796 961 2874 E.
988 2795 1050 2872 31.

243 2939 354 3000 chart.
377 2957 410 3000 a.
434 2938 521 3001 1470
531 2937 579 3019 ff.
602 2939 645 3000 63
667 2957 770 3012 nram„
792 2938 833 2998 21
847 2937 936 3000 Χιό
957 2955 1019 2999 cm.
1044 2936 1063 2997 1
1090 2955 1134 2999 m.

354 3059 376 3120 l.
404 3063 413 3120 1
442 3077 531 3122 num.
556 3059 615 3120 sed
640 3077 706 3122 non
730 3062 970 3122 numerandum
994 3062 1138 3121 continet
1161 3059 1326 3137 quoddam
1359 3059 1575 3138 fragmentum
1599 3061 1645 3121 hl-

247 3151 364 3207 storiae
389 3145 554 3208 Romanae
579 3164 650 3225 cop.
676 3163 762 3208 saec.
787 3145 857 3206 XV.

354 3249 375 3312 i.
399 3247 539 3311 2⁸--63b
561 3246 695 3313 Nicolai
717 3250 759 3311 de
782 3249 905 3311 Blonia
927 3247 1109 3310 Tractatus
1131 3248 1173 3310 de
1197 3248 1481 3312 administrandis
1504 3249 1568 3312 rite
1592 3268 1645 3313 sa·

245 3337 434 3399 oramentis
456 3335 714 3412 ecclesiasticis,
730 3337 772 3398 de
795 3335 1009 3399 celebrandis
1033 3335 1145 3397 sacris
1170 3336 1355 3398 missarum
1378 3337 1595 3416 sollempniis
1612 3345 1647 3401 et

244 3423 404 3487 censuris
427 3423 678 3486 ecclesiasticis
701 3423 867 3486 canonice
890 3422 1128 3484 observandis.

353 3511 431 3572 Post
460 3510 514 3572 iol.
544 3511 581 3571 41
621 3511 642 3572 6
672 3510 725 3572 iol.
762 3514 920 3589 scriptura
950 3515 1078 3584 vacant,
1109 3510 1182 3570 ideo
1218 3516 1373 3571 tractatus
1404 3528 1542 3572 mancus
1566 3529 1642 3571 esse

245 3599 378 3660 videtur.

352 3686 371 3746 t.
385 3681 444 3745 63υ
456 3683 637 3763 »Scriptum
647 3701 704 3761 per
716 3683 922 3744 meiratrem
933 3682 1131 3744 Johannem
1146 3682 1325 3745 Morawek
1340 3688 1535 3744 canonicum
1553 3701 1645 3764 regu-

245 3773 345 3834 larem
368 3770 609 3832 Rudnicensem
632 3775 665 3831 in
689 3776 796 3831 castro
819 3768 956 3848 Weytra
979 3773 1010 3828 et
1025 3768 1151 3829 linitum
1173 3768 1227 3831 ier.
1252 3769 1289 3830 lll
1313 3775 1345 3831 in
1361 3777 1478 3830 octava
1493 3772 1643 3849 epiphan.

246 3859 332 3920 dom.
357 3877 386 3920 a.
413 3856 496 3920 1470
517 3858 627 3918 adhuc
651 3857 866 3918 exulantem«

354 3947 429 4004 Cum
459 3949 516 4005 hoc
545 3948 602 4003 fine
633 3950 780 4003 consentit
810 3952 881 4001 nota
911 3949 940 4000 in
973 3945 1065 4000 fronte
1096 3945 1113 4000 f.
1142 3946 1154 4001 1
1181 3946 1294 4016 posita:
1322 3946 1391 4001 »lsti
1415 3947 1543 4002 sexterni
1566 3954 1644 4014 sunt,

246 4050 320 4106 quos
344 4037 422 4092 dom.
446 4035 598 4090 Morawek
621 4033 701 4088 dedit
724 4049 791 4089 cum
815 4033 882 4088 aliis
903 4032 997 4100 libris,
1021 4034 1071 4104 qul
1095 4033 1147 4088 luit
1170 4032 1255 4088 irater
1277 4036 1313 4089 de
1336 4033 1496 4091 Rudnicz.‹
1523 4033 1580 4089 Sed
1598 4037 1645 4089 cui

247 4121 366 4191 dederit,
390 4138 450 4178 non
473 4127 725 4178 commemoratur.
757 4120 792 4176 A.
819 4120 898 4176 1609
923 4121 1018 4174 codex
1042 4119 1112 4175 bibl.
1136 4119 1377 4191 Rosenbergicae‚
1402 4120 1507 4176 deinde
1530 4120 1645 4191 (1718)

248 4215 373 4264 monast.
396 4207 594 4264 'l'iebonensis
616 4207 679 4264 fuit.

350 4376 415 4456 217
848 4376 879 4451 I.
907 4377 950 4451 E.
978 4373 1040 4448 32.

248 4519 355 4580 chori.
379 4536 411 4579 a.
435 4517 580 4599 1463ff.
603 4517 679 4590 276,
705 4516 846 4579 22><15
865 4535 928 4580 cm.
952 4517 970 4578 1
996 4535 1041 4578 m.

355 4640 376 4702 f.
404 4636 538 4701 1⁸-84¹’
563 4645 720 4715 (anepigrl
743 4639 788 4700 Μ.
812 4638 986 4701 Johannis
1010 4639 1052 4700 de
1076 4632 1235 4700 Piibram
1257 4637 1437 4699 Tractatus
1460 4637 1646 4702 contrait}

248 4726 412 4789 articulos
435 4744 602 4789 erroneos
625 4726 916 4803 Wikleilstarum,
940 4726 1193 4788 Pikhardorum
1212 4731 1246 4786 et
1260 4725 1508 4786 Taboritarum.
1533 4725 1645 4786 -Jesus

250 4813 399 4875 Christus
429 4819 637 4893 omnipotens
672 4815 775 4874 deus«
809 4817 850 4886 ><
878 4820 1011 4875 »contra
1041 4816 1168 4892 pluvias
1199 4819 1230 4872 et
1260 4819 1413 4889 gaumata
1443 4830 1588 4873 errorum
1611 4819 1647 4873 ut

242 4901 324 4980 (sic)
346 4917 421 4961 eum
435 4902 675 4979 contegendum
693 4905 724 4960 et
740 4900 972 4962 defedendum.
990 4903 1105 4962 Amen.
1124 4902 1220 4960 Anno
1240 4898 1349 4960 llos·
1370 4898 1434 4972 (Cf.
1448 4899 1645 4967 Prochaska,

249 4985 477 5048 bliseellaneen
502 4987 523 5062 l,
548 4988 634 5062 280).

930 5212 964 5263 aa
1491 5198 1519 5251 ⁶·
