3972 5958
876 573 935 636 521

752 661 1063 669 —-————

309 781 465 858 Operculis
488 787 617 856 adligata
628 791 698 840 sunt
714 782 874 856 fragmenta
891 788 1050 841 membran.
1067 784 1222 840 cuiusdam
1239 787 1306 842 cod.
1322 783 1502 840 Xlll—XlV
1514 800 1605 856 saec„

201 883 363 930 comment.
388 875 417 928 ln
442 873 534 928 biblia
557 872 745 928 continentis,

309 1040 379 1123 518
656 1039 726 1116 lll.
757 1040 795 1114 F.
824 1040 884 1114 15.
906 1053 990 1118 (1.1.
1012 1058 1034 1108 r.
1054 1055 1166 1114 arra.)

204 1183 392 1245 nrerrrlmrrr.
415 1200 503 1244 saer.
527 1179 714 1244 XIII—XI
718 1181 744 1240 V
761 1180 799 1262 ff.
814 1179 889 1254 307,
902 1179 941 1240 21
957 1181 988 1236 ><
1002 1180 1044 1242 16
1067 1197 1129 1241 cm.
1153 1179 1171 1241 1
1197 1197 1241 1240 m.

201 1303 389 1368 Raimundi
424 1305 465 1367 de
498 1304 709 1366 Pennaforte
742 1303 887 1366 Summa
913 1305 955 1364 de
984 1301 1198 1381 poenitentia
1220 1307 1255 1364 et
1277 1302 1502 1366 matrimonio
1526 1321 1605 1366 cum

695 1389 823 1468 glossis
858 1388 1116 1468 marginalibus.

292 1477 311 1537 l.
341 1479 373 1538 1·
396 1481 504 1550 (rubr.)
531 1477 635 1538 »Iuste
659 1477 767 1538 iudica
790 1482 938 1556 proximo
962 1483 1027 1537 tuo.
1052 1475 1166 1553 Incipit
1195 1491 1361 1537 summam
1384 1479 1461 1550 (sic)
1485 1479 1525 1538 de
1550 1496 1603 1556 pe·

203 1568 344 1626 nilencia
380 1583 400 1626 a
431 1581 515 1644 mag.
549 1563 731 1625 Raimundo
762 1567 974 1642 composita«
1002 1565 1033 1618 ><
1057 1562 1077 1622 1.
1103 1561 1183 1623 297²
1209 1567 1313 1623 »sicut
1335 1562 1376 1623 ibi
1401 1563 1524 1625 dicitur.
1548 1568 1606 1638 (re-

202 1656 326 1710 centiori
351 1661 472 1725 manum
497 1651 633 1730 Explicit
657 1667 788 1712 summa
811 1667 896 1728 mag.
933 1649 1117 1728 Raymundi
1148 1648 1188 1710 de
1212 1649 1347 1710 casibus
1372 1655 1481 1728 magni
1505 1658 1536 1712 et
1559 1652 1572 1713 l
1593 1687 1603 1696 -

203 1743 288 1798 mosi
321 1739 445 1815 J'uriste.
481 1741 604 1798 utinam
640 1753 749 1798 coram
774 1738 909 1798 domino
932 1737 1029 1797 lesu«
1056 1740 1180 1809 (cetera
1202 1735 1349 1796 radendo
1372 1737 1479 1800 deleta
1503 1745 1604 1812 sunt.)

313 1825 332 1884 1.
357 1824 528 1884 298-307
553 1825 693 1885 chartac.
726 1823 909 1901 Registrum
940 1824 1179 1901 alphabeticum
1213 1826 1381 1883 recentiori
1405 1841 1504 1884 manu
1528 1843 1604 1885 exa-

203 1921 319 1972 ratum.

308 2018 447 2074 Codicem
472 2033 582 2074 recens.
608 2016 736 2081 Schulte,
761 2015 875 2074 Canon.
899 2017 1050 2076 Handscb.
1063 2034 1091 2087 p.
1115 2017 1167 2073 47.
1200 2014 1345 2086 Operculo
1368 2031 1465 2086 super.
1490 2019 1602 2088 adliga-

202 2113 263 2160 tum
299 2113 343 2159 est
382 2107 539 2162 membran.
576 2103 623 2159 iol.
659 2105 815 2160 calendarii
852 2119 929 2164 saec.
954 2103 1030 2170 XIV,
1066 2104 1096 2157 in
1131 2117 1189 2173 quo
1222 2103 1331 2158 mensis
1354 2102 1462 2158 lunius
1486 2106 1602 2162 bobem.

204 2191 452 2262 »Cyerwenecz«.
476 2190 572 2246 Julius
599 2189 762 2261 »Cyrwen«
789 2191 960 2262 appellatur,
995 2189 1044 2245 Vl.
1068 2189 1126 2248 Jul.
1151 2189 1256 2244 festum
1282 2203 1327 2248 ns.
1350 2189 1495 2246 lobannis
1518 2192 1600 2247 Hus«

202 2295 292 2334 manu
317 2293 393 2336 saec.
418 2276 473 2332 XV
497 2279 676 2347 adscriptum
700 2285 753 2333 est.

307 2445 378 2525 519
666 2445 739 2520 Ill.
768 2445 806 2518 F.
835 2445 895 2518 16.
924 2459 967 2520 ot
990 2458 1025 2511 11.
1042 2462 1067 2510 5.
1087 2475 1113 2509 u.
1133 2461 1186 2522 rr.)

201 2588 311 2650 chari.
334 2605 421 2649 sace.
446 2585 513 2648 XV
534 2605 579 2648 ex.
596 2584 645 2665 sf.
669 2585 744 2660 167,
766 2584 805 2645 21
822 2585 853 2642 ><
868 2585 943 2644 155
964 2603 1037 2658 cnr„
1059 2586 1078 2645 1
1103 2602 1147 2644 m.

554 2708 742 2770 Sermones
772 2705 904 2768 diversi
938 2705 989 2784 (in
1012 2703 1082 2767 fine
1106 2703 1245 2781 manci).

306 2817 338 2871 ln
361 2817 502 2873 schedula
525 2817 663 2888 operculo
687 2829 783 2886 super.
809 2815 991 2884 adglutinata
1023 2814 1070 2867 bic
1093 2813 1195 2869 titulus
1220 2815 1362 2868 occurrit:
1405 2813 1599 2868 »Sermonum

200 2919 269 2976 pars
293 2904 426 2958 hiemalis
450 2917 538 2974 super
560 2903 732 2974 epistolas«,
756 2901 933 2956 intrinsecus
957 2915 1024 2954 vero
1054 2901 1085 2954 in
1116 2899 1166 2956 iol.
1201 2899 1362 2970 praeligato
1400 2900 1466 2955 bic:
1514 2899 1602 2956 »Pars

201 2990 333 3045 estivalis
355 2990 571 3060 evangeliorum
595 2997 623 3045 et
646 2989 867 3060 epistolarum«.
913 2986 987 3041 Cum
1023 2988 1119 3042 desint
1154 2987 1286 3042 rubricae
1310 2993 1338 3040 et
1362 2987 1484 3056 indices,
1522 2988 1601 3042 dictu

201 3077 319 3132 difficile
343 3085 395 3144 est,
420 3085 483 3132 uter
504 3082 601 3131 rectus
624 3076 671 3134 sit.
697 3075 829 3130 Mibimet
852 3074 969 3129 videtur
993 3081 1101 3130 neuter.
1126 3072 1156 3129 F.
1184 3065 1240 3128 90b
1265 3073 1378 3146 respice
1403 3080 1502 3128 notam
1527 3089 1603 3128 mar-

200 3165 278 3234 gin:
318 3162 456 3219 »Predica
473 3165 584 3220 1494«.
608 3161 800 3218 Semnonibus
823 3165 935 3230 passim
959 3161 1084 3244 insertae
1108 3167 1177 3214 sunt
1201 3175 1292 3215 voces
1316 3161 1495 3217 bohemicae.

306 3330 387 3412 52ss
650 3329 720 3404 III.
753 3330 791 3404 F.
823 3329 885 3404 17.
916 3343 1164 3410 (intrare.)

203 3470 311 3532 chori.
334 3488 422 3532 saec.
445 3469 514 3532 XV
520 3470 566 3551 ff
591 3471 655 3532 186
677 3487 777 3541 rrum,
800 3471 920 3531 21·5><
932 3469 975 3530 16
997 3485 1060 3529 cm.
1084 3468 1115 3529 d.
1139 3486 1184 3528 m.

200 3591 383 3672 Expositio
417 3593 644 3671 epistolarum
679 3592 926 3654 canonicarum
960 3607 1008 3652 ss.
1053 3590 1176 3652 Jacobi
1209 3594 1246 3652 et
1278 3589 1370 3652 Petri
1394 3589 1535 3668 (magna
1557 3608 1602 3652 ex

658 3684 755 3756 parte
777 3679 821 3740 M.
845 3676 1019 3741 lobannis
1040 3677 1139 3750 Hus).

308 3783 328 3845 1.
357 3785 389 3844 1²
416 3781 507 3844 »Non
530 3788 573 3844 ita
596 3784 677 3843 ordo
700 3790 752 3844 est
773 3790 853 3861 aput
873 3799 1009 3861 grecos«
1046 3816 1089 3825 -
1124 3781 1179 3843 »ln
1202 3781 1266 3842 boc
1290 3782 1425 3860 prologo
1450 3783 1479 3842 b.
1504 3781 1596 3842 Jero-

199 3875 308 3932 nimus
332 3870 452 3931 reddit«
479 3871 512 3928 ><
534 3869 555 3930 l.
584 3870 659 3932 1861ι
683 3873 810 3942 (absolu.
835 3889 937 3944 expos.
963 3873 1035 3928 Petri
1059 3888 1166 3929 canon.
1191 3871 1217 3942 l)
1258 3869 1382 3928 »Amen
1406 3875 1458 3928 est
1480 3868 1597 3929 confir-

199 3962 305 4019 macio
328 3961 572 4036 premissorum.
598 3958 661 4036 lpsi
684 3973 761 4034 ergo
785 3958 873 4018 dom.
897 3956 923 4017 J.
949 3955 1024 4018 Cbr.
1049 3955 1121 4015 laus
1145 3961 1177 4016 et
1199 3955 1301 4033 gloria
1324 3960 1366 4015 sit
1388 3961 1468 4017 etc«

302 4062 334 4119 In
351 4065 520 4120 membrana
535 4065 694 4136 praeligata
711 4065 836 4119 occurrit
860 4071 946 4120 nota:
973 4062 1047 4118 »Hic
1068 4063 1190 4118 babetur
1213 4062 1365 4134 exposicio
1389 4063 1598 4118 canonicarum

197 4152 398 4222 epistolarum,
422 4167 478 4222 que
501 4151 579 4206 vicio
602 4152 722 4222 ligantis
746 4149 842 4206 taliter
864 4157 934 4206 sunt
956 4151 1053 4220 ligate.
1090 4149 1184 4204 Primo
1216 4151 1362 4206 canonica
1384 4147 1497 4208 Jacobi.
1544 4149 1597 4205 Se-

199 4240 297 4294 cundo
321 4242 466 4294 canonica
488 4239 620 4294 secunda
642 4235 726 4292 Petri.
750 4235 851 4293 Tercio
867 4253 919 4308 per
933 4253 1056 4292 errorem
1073 4237 1166 4307 prima
1183 4235 1257 4292 Petri
1269 4236 1368 4292 finalis
1384 4237 1432 4292 bic
1445 4237 1596 4296 babetur«

197 4323 309 4380 Ibidem
333 4340 421 4380 manu
445 4325 614 4385 recentiori:
641 4323 790 4380 »Fratrum
815 4324 1027 4380 Celestinorum
1050 4326 1081 4378 in
1104 4323 1250 4394 Oijwijn.‹

304 4491 371 4574 521
650 4491 723 4570 III.
753 4495 793 4570 F.
812 4493 874 4568 18.
902 4510 948 4573 (r.
967 4509 989 4560 r.
1009 4511 1033 4560 r.
1051 4523 1076 4560 n.
1097 4509 1149 4569 ro.)

195 4633 306 4696 chari.
331 4651 363 4695 a.
388 4632 474 4696 1430
485 4631 536 4713 fs.
559 4632 634 4709 149,
656 4634 696 4696 21
712 4634 835 4696 Χ15·5
855 4651 917 4694 cm.
941 4633 958 4692 1
984 4651 1029 4692 m.

295 4754 430 4818 Nicolai
453 4757 495 4817 de
518 4755 597 4818 Lira
618 4755 766 4818 Postilla
788 4772 895 4833 super
916 4755 1098 4818 duodecim
1122 4757 1311 4833 propbetas
1335 4755 1498 4816 minores.

306 4859 327 4921 l.
351 4859 390 4920 2⁸
411 4863 518 4934 (rubr.)
543 4859 674 4938 »Incipit
697 4862 852 4939 prologus
887 4858 984 4921 Osee.
1019 4864 1101 4933 (arr.)
1148 4859 1331 4920 Duodecim
1367 4859 1597 4937 prophetarum

196 4964 278 5008 ossa
300 4947 463 5026 pululant‹
491 4949 523 5002 ><
546 4946 566 5008 1.
595 4947 671 5008 149⁸
697 4949 840 5008 »scilicet
863 4950 1062 5025 sempiterna
1084 4946 1250 5018 lruicione‚
1284 4963 1382 5024 quam
1407 4946 1503 5006 nobis
1520 4963 1597 5008 con·

195 5035 293 5096 cedat
315 5041 374 5096 etc.
399 5033 538 5112 Explicit
561 5036 690 5112 postilla
712 5033 834 5096 Nicolai
859 5035 900 5094 de
924 5033 996 5094 Lira
1019 5051 1119 5112 super
1142 5033 1316 5094 duodecim
1340 5035 1517 5111 propbetas
1542 5037 1599 5092 mi·

873 5259 924 5310 205
