3972 5958
862 583 925 642 527

192 787 227 850 F.
253 789 275 850 ti
298 785 514 862 (Homiliarii
528 783 789 868 Opaiooicensis)
811 789 968 866 adligata
983 793 1092 865 erant,
1115 807 1203 851 rrirnc
1217 788 1382 870 operculis
1397 789 1589 852 chartaceis

191 875 351 955 irreposila
373 879 453 936 sicul
476 877 506 935 el
529 874 563 934 ia
586 876 816 938 cimeliarchio
838 877 1027 956 separatim
1050 880 1284 938 asservantur.

297 995 505 1074 Fragmenta
525 996 740 1075 psalmorum
763 997 815 1074 89,
839 997 967 1060 91-93
1001 1005 1090 1072 (cum
1115 1002 1359 1076 transcriptione
1385 1015 1485 1060 manu
1509 997 1592 1060 Frid.

194 1081 364 1144 Dambeck
388 1083 538 1144 custodis
561 1083 738 1157 adiuncta).

299 1209 446 1264 Dambeck
481 1209 649 1279 fragmentis
683 1210 865 1281 transcriptis
899 1211 978 1265 hunc
1011 1209 1128 1264 titulum
1159 1211 1259 1265 nescio
1289 1211 1367 1264 unde
1390 1215 1520 1264 sumtum
1545 1210 1590 1264 in-

191 1297 327 1366 scripsit:
354 1295 504 1361 »Psalmi
527 1310 664 1368 quorum
687 1309 799 1366 parcas
821 1299 967 1352 vetustas
990 1296 1136 1352 servavit
1165 1295 1349 1368 reliquias«,
1383 1296 1517 1366 hancque
1543 1311 1596 1350 no-

192 1393 253 1438 tam
278 1383 443 1453 praemisit:
473 1382 571 1452 »Quae
595 1389 758 1452 sequuntur
780 1383 852 1438 folia
874 1386 959 1452 signa
982 1397 1113 1438 summae
1143 1383 1298 1438 vetustatis
1332 1384 1502 1438 exhibentia
1529 1383 1595 1437 Ser-

191 1471 329 1524 monibus
353 1487 371 1524 a
393 1468 466 1526 Βοὴ.
490 1469 615 1524 Balbino
650 1467 797 1539 Episcopo
821 1470 911 1524 alicui
936 1469 1073 1540 Pragensi
1097 1469 1254 1540 adscriptis
1285 1472 1447 1540 praemissa
1481 1469 1591 1526 fuere«

191 1555 287 1626 Quem
311 1559 431 1611 omnino
455 1563 575 1611 secutus
597 1562 641 1610 est
663 1555 789 1611 Hanslik
813 1555 919 1612 Gesch.
943 1573 972 1614 u,
996 1555 1115 1612 Beschr.
1140 1572 1167 1626 p.
1194 1555 1266 1616 605.

298 1757 378 1840 526
638 1760 709 1836 III.
739 1761 784 1835 G.
812 1761 1131 1842 I.(l'.l.l.a.127.)

192 1898 382 2044 Jcrrthran.
406 1917 493 1961 saec.
515 1897 776 1982 XII-Xlllff.
800 1900 841 1961 77
864 1918 956 1961 nrrnr.
980 1896 1035 1979 Η-
1053 1901 1075 1960 3
1088 1903 1204 1982 praec.
1228 1917 1258 1960 n.
1283 1909 1338 1975 a),
1363 1899 1450 1960 23><
1465 1897 1508 1962 lo
1531 1917 1594 1962 cra.

219 2035 225 2048 .
255 2003 299 2046 m.

301 2104 425 2168 Isidori
448 2106 669 2184 Hispalensis
692 2107 742 2169 De
766 2124 906 2168 summo
930 2109 1021 2168 bono
1045 2106 1123 2168 libri
1145 2111 1229 2169 tres.

303 2225 452 2290 i.1-lll.
484 2247 515 2290 n.
539 2246 627 2290 num.
651 2227 779 2291 Tabula
802 2246 907 2290 rerum
932 2230 1145 2307 alphabetica.

303 2349 322 2410 f.
352 2352 383 2409 1ῧι
406 2353 515 2423 (rubr.)
541 2350 671 2428 »Incipit
697 2353 834 2430 epistola
858 2367 883 2411 5.
908 2350 1021 2413 Isidori
1045 2353 1190 2427 episcopi
1213 2349 1255 2410 ad
1279 2347 1484 2410 Massionem
1508 2353 1593 2426 epis·

192 2453 323 2516 copum.
348 2441 480 2510 (atram.)
503 2435 644 2498 Domino
669 2446 784 2498 sancto
808 2441 993 2515 meritisque
1010 2437 1106 2496 beato
1122 2435 1208 2496 fratri
1224 2435 1383 2496 hlassioni
1399 2441 1586 2514 episcopos

303 2559 323 2620 f.
348 2555 385 2618 ‘ib
408 2563 515 2632 (rubr.)
553 2557 754 2637 ›lixpliciunt
791 2559 939 2636 capitula.
986 2557 1098 2634 Incipit
1128 2558 1206 2617 liber
1240 2562 1363 2635 primus
1398 2574 1424 2617 S.
1461 2555 1588 2616 Ysidori

194 2645 423 2724 Hispaniensis
455 2649 599 2723 episcopi
625 2692 632 2706 .
659 2697 664 2706 .
691 2697 696 2706 .
729 2647 810 2724 (atr.)
841 2644 1015 2707 Summum
1052 2645 1176 2704 bonum
1206 2643 1289 2704 deus
1323 2649 1403 2704 est«
1429 2646 1462 2702 ><
1486 2643 1508 2705 l.
1540 2642 1595 2702 77·

195 2750 281 2793 -non
306 2748 391 2810 quos
414 2733 545 2809 celestis
567 2733 642 2792 aula
664 2732 868 2793 letificandos
892 2732 1034 2794 includit.
1059 2730 1226 2809 Explicit«

302 2855 446 2927 Operculo
480 2872 577 2928 super.
611 2858 770 2926 adligatum
801 2865 846 2912 est
876 2857 977 2926 fragm.
1007 2855 1160 2926 Hymnarii
1191 2855 1345 2911 cuiusdam
1369 2855 1447 2910 notis
1471 2855 1593 2910 musicis

193 2945 327 3000 instructi
359 2959 436 3001 saec.
466 2939 645 2999 xil-xlii.
676 2943 722 2998 Aa
754 2945 864 2998 calcem
888 2943 906 2999 f.
935 2945 964 2998 1·
987 2943 1060 2998 haec
1083 2949 1152 2997 nota
1177 2943 1320 2998 occurrit:
1357 2940 1431 2997 »iste
1455 2948 1499 2996 est
1523 2941 1594 2996 liber

193 3047 270 3100 mag.
301 3030 451 3085 Adalberli
481 3030 632 3087 Rankonis
663 3031 698 3084 de
728 3029 857 3086 Ericinio
887 3031 917 3084 in
947 3030 1076 3096 Boemia‚
1108 3029 1258 3084 scolastici
1281 3028 1405 3084 ecclesie
1429 3026 1593 3097 Pragensis,

193 3118 325 3188 magistri
356 3117 386 3172 in
409 3117 558 3186 theologia
580 3119 660 3172 etin
684 3117 797 3173 artibus
821 3116 1024 3174 Parisiensis.«
1049 3116 1129 3171 Idem
1152 3130 1309 3187 possessor
1332 3115 1470 3186 operculo
1495 3130 1591 3185 super.

193 3211 294 3260 nolam
317 3207 466 3274 quandam
488 3205 646 3276 inscripsit,
669 3219 757 3275 quam
782 3211 813 3258 ut
836 3204 959 3273 legerem
983 3204 1052 3258 mihi
1070 3219 1130 3258 non
1146 3205 1276 3273 contigit.
1296 3202 1389 3258 Vetus
1405 3203 1484 3272 sign.
1500 3201 1526 3272 J,
1544 3201 1595 3260 32.

297 3422 377 3504 527
638 3423 712 3500 III.
741 3423 786 3498 G.
814 3423 849 3498 2.
865 3438 910 3504 (x.
931 3439 965 3490 ll.
984 3441 1010 3490 s.
1029 3456 1055 3491 n.
1075 3441 1110 3500 ι.)

193 3564 301 3626 cfrart.
324 3580 412 3625 saec.
435 3562 503 3624 XV
513 3561 562 3641 sf.
585 3563 652 3626 323
672 3582 777 3640 ircim„
800 3565 839 3625 21
856 3564 946 3626 ><15
966 3581 1028 3625 cm.
1051 3564 1074 3625 2
1097 3582 1140 3625 m.

302 3685 322 3747 i.
347 3685 508 3745 {li—243⁸
533 3683 663 3747 hiberti
685 3684 801 3762 Magni
824 3684 989 3747 Summae
1012 3684 1224 3746 naturalium
1246 3683 1325 3746 libri
1345 3683 1498 3761 quinque
1515 3699 1594 3744 eum

194 3772 457 3835 commentario.
481 3775 599 3846 (Incipit
622 3776 793 3843 comment.)
827 3771 930 3850 »Quia
954 3773 1137 3832 secundum
1162 3772 1393 3849 philosophum
1417 3767 1444 3833 1⁰
1467 3769 1589 3831 Echio«

194 3863 312 3935 (incipit
340 3863 471 3932 summa)
503 3858 730 3936 »Philosophia
761 3857 912 3919 dividitur
934 3863 965 3920 in
990 3865 1055 3918 tres
1080 3865 1207 3936 partes«
1234 3863 1275 3930 ><
1299 3859 1440 3931 (Explicit
1462 3861 1593 3930 summa)

199 3952 247 4006 -et
279 3947 399 4006 maium
434 3951 543 4024 gracia
573 3947 782 4006 desistente«
815 3947 956 4020 (Explicit
980 3949 1151 4018 comment.)
1186 3961 1244 4004 »eo
1277 3944 1365 4024 quod
1390 3950 1440 4004 est
1464 3961 1592 4004 summe

195 4035 312 4099 bonus,
336 4037 388 4094 cui
412 4050 470 4111 pro
493 4034 590 4093 huius
615 4037 713 4092 totius
738 4048 867 4092 summe
891 4033 1131 4109 complemento
1155 4034 1226 4092 laus
1250 4037 1282 4092 et
1304 4035 1486 4108 graciarum
1510 4035 1593 4091 acci·

194 4137 276 4181 ones
300 4127 377 4180 sunt
400 4119 576 4185 referende.
600 4123 654 4198 qui
679 4125 730 4179 est
754 4118 944 4179 benedictus
967 4125 1048 4179 etc«

301 4241 321 4302 f.
346 4240 550 4301 2447-285α
574 4239 856 4302 Commentarius
879 4239 916 4300 in
932 4239 1135 4301 Aristotelis
1150 4239 1264 4301 Parva
1279 4238 1463 4300 naturalia.
1482 4238 1594 4300 »Circa

193 4331 324 4389 inicium
357 4345 446 4406 parv.
477 4328 544 4388 libr.
579 4333 682 4389 natur.
718 4334 769 4389 est
799 4327 989 4389 sciendum«
1017 4328 1049 4384 ><
1077 4334 1127 4387 »et
1157 4343 1220 4407 que
1252 4329 1294 4387 sit
1323 4329 1411 4386 racio
1446 4330 1591 4398 istarum,

193 4419 283 4494 prius
305 4418 413 4475 visum
438 4421 497 4476 est.
532 4413 573 4475 Et
596 4419 643 4475 sic
667 4421 719 4475 est
740 4414 815 4475 finis
839 4417 937 4476 huius
961 4419 1080 4492 operte,
1105 4431 1163 4492 pro
1187 4430 1253 4492 quo
1277 4419 1336 4474 etc.
1354 4412 1493 4490 Explicit
1515 4413 1594 4473 liber

193 4503 374 4562 ethicontm
396 4499 489 4579 (sict)
512 4507 544 4561 et
566 4502 700 4562 aliarum
724 4505 930 4562 materiarum
953 4507 985 4562 et
1008 4505 1153 4581 sequitur
1175 4503 1258 4563 ultra
1279 4499 1365 4561 aliud
1389 4500 1524 4560 Amen«

302 4621 323 4682 f.
348 4621 553 4682 2867-320ι
575 4621 774 4684 Aristotelis
804 4623 883 4684 libri
913 4623 955 4683 de
979 4639 1089 4684 sensu
1112 4627 1147 4684 et
1170 4627 1323 4696 sensato,
1347 4622 1389 4683 de
1413 4621 1593 4694 memoria,

192 4709 235 4772 de
259 4725 408 4786 sommo,
442 4708 485 4770 de
523 4709 692 4772 brevitate
722 4708 825 4772 vitae.
868 4709 1050 4789 »Quoniam
1075 4711 1114 4770 de
1138 4714 1247 4771 anima
1271 4709 1520 4769 determinatum
1544 4715 1595 4769 est

193 4795 379 4859 secundum
410 4813 465 4856 se«
492 4798 525 4856 ><
551 4803 700 4875 »propter
722 4801 912 4876 passionem
943 4796 1063 4858 febrilis
1087 4797 1203 4858 caloris
1227 4797 1360 4858 faciliter
1382 4800 1590 4857 moriuntur.‹

302 4916 325 4977 f.
347 4913 428 4978 320b
451 4916 576 4978 Versus
599 4922 676 4978 varii
701 4919 851 4980 morales.

303 5037 322 5100 i.
347 5034 553 5100 321²-322b
576 5037 680 5100 Notae
704 5041 744 5102 de
769 5057 888 5102 novem
911 5039 984 5100 tiliis
1009 5041 1127 5102 diaboli
1151 5047 1183 5101 et
1206 5040 1245 5102 de
1269 5043 1469 5102 antichrist0.

868 5261 917 5314 207
