3990 5956
895 577 957 639 724

328 785 361 841 In
384 786 403 844 1.
427 785 483 843 40·
512 793 580 858 post
609 789 715 843 librum
745 791 782 844 de
812 785 993 844 scholarium
1023 788 1182 859 disciplina
1213 787 1273 843 alia
1296 803 1404 843 manus
1428 786 1626 859 (XIII-XIV

220 873 314 942 saec.)
337 873 409 928 haec
432 873 597 946 inscripsit:
623 873 717 930 »Cum
741 876 795 930 hec
818 874 949 944 elegiaca
972 881 1058 945 atque
1081 874 1263 930 lamentabili
1294 875 1460 931 eiulacione
1485 885 1541 932 etc.
1567 875 1626 930 hab

220 961 265 1015 dir
287 961 341 1015 das
365 961 415 1016 der
438 960 511 1016 hunt
533 961 680 1031 geschais.
711 961 876 1016 Venerabili
899 964 962 1016 viro
985 965 1063 1017 dom.
1088 959 1215 1016 Iohanni
1239 963 1275 1016 de
1300 960 1384 1017 Nova
1408 964 1498 1018 domo
1522 975 1628 1034 prepo-

222 1047 279 1102 sito
301 1045 440 1116 Pragensi
464 1045 605 1104 Nicolaus
628 1049 725 1104 dietus
748 1047 850 1104 Sartor
870 1049 944 1104 civis
967 1050 997 1103 in
1014 1045 1205 1103 Novadomo«
1234 1093 1240 1106 .
1267 1093 1273 1106 .
1300 1091 1306 1106 .
1333 1095 1339 1106 .
1366 1046 1511 1118 Operculo
1528 1063 1626 1119 super.

222 1133 437 1202 adglutinatum
471 1140 516 1189 est
545 1133 739 1204 fragmentum
772 1136 931 1192 membran.
964 1134 1096 1190 Missaiis
1120 1150 1197 1192 saec.
1223 1133 1301 1204 XIV,
1326 1137 1364 1190 ad
1388 1136 1474 1191 cuius
1509 1135 1623 1190 calcem

222 1219 294 1274 haec
319 1229 389 1276 nota
419 1235 507 1276 manu
538 1235 615 1278 saec.
648 1223 780 1276 eiusdem
814 1223 948 1276 exeuntis
978 1223 1086 1292 scripta
1117 1223 1259 1277 occurrit:
1286 1221 1391 1277 »Liber
1413 1221 1548 1292 Magistri
1574 1219 1627 1276 Za·

225 1308 346 1364 missii«
374 1306 468 1362 Vetus
492 1309 566 1376 sign.
590 1307 627 1382 V,
652 1307 692 1362 64
715 1310 757 1378 (a,
782 1309 846 1378 93).

328 1473 395 1554 721
685 1475 754 1551 IV.
782 1477 822 1552 F.
850 1477 910 1551 15.
935 1491 979 1558 (r.
1000 1493 1064 1544 re.
1083 1495 1193 1554 mre.)

223 1595 414 1658 membran.
437 1611 525 1658 saec.
549 1593 692 1677 XIVff.
716 1596 791 1671 145,
812 1597 988 1660 21·5><18
1010 1615 1072 1668 cm.
1095 1599 1113 1660 1
1139 1617 1184 1660 m.

305 1699 480 1778 (lingonis
501 1700 825 1779 Argentoratensis)
849 1700 1104 1779 compendium
1126 1702 1344 1782 theologicae
1366 1702 1542 1766 veritatis.

335 1803 355 1864 i.
384 1797 497 1864 11-3*ι
521 1803 703 1882 Registrum
731 1809 849 1883 operis,

338 1889 358 1951 1.
382 1891 419 1952 3·
443 1889 624 1964 (Prologus.)
661 1890 829 1952 »Veritatis
852 1893 1013 1970 theologie
1037 1897 1113 1968 (sic)
1137 1895 1338 1954 sublimitas«
1356 1895 1393 1970 ><
1409 1895 1430 1955 1.
1458 1893 1532 1955 145·
1556 1909 1629 1953 »se-

227 1978 370 2124 aundum
396 1982 509 2038 merita
532 1981 662 2055 recipiet
685 1982 754 2039 sine
778 1979 853 2040 fine.
870 1979 1008 2058 Explicit
1027 1981 1261 2058 compendium
1277 1981 1459 2060 theologice
1475 1983 1629 2041 veritatis

226 2113 235 2124 .
258 2081 363 2126 mens

338 2169 430 2226 Vetus
453 2171 528 2240 sign.
553 2171 588 2241 Α,
617 2171 704 2242 190)

332 2304 412 2384 722
672 2305 741 2382 IV.
771 2306 810 2381 F.
838 2307 899 2381 16.
928 2322 973 2386 (Υ.
993 2324 1016 2374 1.
1036 2325 1061 2374 2.
1080 2339 1105 2375 n.
1124 2325 1179 2384 ro.)

229 2427 415 2490 membran.
427 2444 514 2490 saec.
526 2426 620 2490 XIII
630 2445 707 2489 eum
719 2429 886 2490 additam.
902 2429 989 2492 XIV
997 2434 1026 2492 et
1048 2429 1118 2492 XV
1119 2427 1169 2508 ff.
1181 2429 1256 2504 198,
1269 2430 1345 2493 23¹5
1355 2432 1388 2488 ><
1400 2430 1442 2492 17
1458 2448 1521 2492 cm.
1539 2429 1570 2490 d.
1586 2447 1630 2491 m.

342 2547 477 2611 Rituale
521 2549 799 2612 ecclesiasticum
844 2552 1145 2630 comprehendens
1190 2551 1333 2614 ordines
1376 2551 1507 2615 rituum
1557 2555 1631 2613 tem

230 2637 405 2715 episcopis
428 2651 533 2713 quam
555 2636 771 2715 presbyteris
801 2639 1087 2717 peragendorum.
1123 2638 1251 2716 (Insunt
1274 2643 1370 2700 etiam
1394 2638 1416 2700 1.
1439 2633 1497 2698 37b
1523 2635 1631 2698 »Ordo

229 2725 271 2785 ad
302 2722 520 2784 ordinandum
550 2740 701 2802 papam«,
734 2723 755 2784 1.
779 2724 838 2786 40⁸
864 2724 972 2787 »Ordo
996 2726 1038 2786 ad
1062 2725 1325 2787 benedicendum
1349 2732 1382 2787 et
1403 2726 1630 2786 coronandum

229 2813 504 2889 imperatorem«)

337 2897 358 2958 i.
387 2898 419 2956 1Ι
450 2896 556 2975 (rubr.)
590 2895 699 2958 »Ordo
736 2903 861 2976 septem
892 2899 1188 2959 ecclesiasticorum
1219 2899 1399 2976 graduum«
1436 2902 1473 2973 ><
1504 2896 1525 2957 1.
1550 2896 1614 2959 298

228 2996 310 3059 (post
335 2986 486 3042 nordinem
510 2988 547 3041 ad
571 2989 772 3043 consecranda
795 2989 914 3044 altaria«
943 2989 998 3043 sub
1019 2993 1095 3044 notis
1113 2989 1234 3044 musicis
1250 2988 1316 3043 linis
1333 3004 1421 3043 manu
1438 3003 1515 3044 saec.
1532 2987 1601 3042 XIV
1611 2989 1634 3057 :)

233 3071 292 3132 »Et
315 3087 379 3150 pax
403 3075 473 3130 eius
498 3073 540 3130 sit
563 3087 693 3148 semper
714 3072 917 3132 vobiscum«

341 3177 485 3248 Operculo
509 3177 589 3234 infer.
615 3177 725 3247 adglut.
749 3185 794 3233 est
817 3178 917 3248 fragm.
942 3181 1008 3236 cod.
1031 3177 1169 3236 hebraici.

334 3345 415 3426 723
691 3345 759 3420 IV.
788 3345 828 3420 F.
856 3346 918 3422 17.
950 3362 995 3424 (Υ.
1013 3362 1062 3413 111.
1083 3363 1106 3414 1.
1124 3363 1217 3425 neo.)

228 3471 416 3532 membran.
441 3485 529 3532 saec.
552 3466 610 3532 XI
612 3467 641 3528 V
649 3467 699 3546 fs.
722 3469 788 3531 226
809 3487 916 3545 num„
938 3468 1156 3547 23·5><17·5
1177 3486 1239 3531 cm.
1262 3469 1280 3530 1
1307 3486 1351 3530 m.
1376 3487 1455 3531 eum
1471 3468 1540 3530 init.
1554 3469 1633 3548 piet.

294 3591 429 3670 (Jacobi
453 3590 495 3652 de
515 3588 705 3669 voragine)
728 3588 917 3653 Sermones
940 3589 1169 3654 dominicales
1192 3607 1254 3669 per
1276 3588 1445 3653 circulum
1470 3589 1566 3651 anni.

338 3695 358 3758 1.
386 3693 420 3757 lb
443 3695 616 3756 ‘Humane
640 3694 743 3754 labilis
773 3698 837 3756 vite
861 3695 1041 3758 decursus«
1069 3696 1108 3772 ><
1132 3695 1152 3756 1.
1177 3694 1257 3756 210α
1274 3699 1347 3775 »qui
1372 3697 1442 3755 sine
1465 3694 1532 3756 fine
1555 3697 1634 3755 vivit

231 3791 263 3844 et
286 3790 399 3862 regnat
422 3801 479 3862 per
501 3782 626 3843 infinita
649 3797 675 3842 s,
701 3798 748 3842 s«

340 3869 361 3934 i.
387 3866 592 3930 210⁸-2iob
616 3872 720 3942 (manu
744 3872 911 3942 recentiori)
934 3866 1037 3930 Notae
1063 3869 1277 3947 theologicae.

340 3957 359 4020 1,
384 3955 590 4019 211“-226“
612 3953 742 4015 Tabula
766 3959 973 4016 materiarum
997 3955 1211 4034 alphabetico.

338 4065 386 4120 Ad
410 4065 520 4120 calcem
543 4061 562 4118 1.
588 4063 623 4116 2³
648 4064 720 4118 haec
743 4067 814 4117 nota
836 4077 914 4119 saec.
938 4060 994 4116 XV
1017 4062 1160 4120 occurrit:
1187 4061 1262 4116 »Iste
1278 4060 1351 4116 liber
1365 4068 1411 4116 est
1425 4060 1634 4116 venerabilium

233 4171 269 4209 ac
291 4153 495 4223 religiosorum
518 4157 632 4222 patrum
655 4153 685 4205 in
709 4147 863 4220 waeine.

336 4303 421 4384 724
683 4300 754 4376 IV.
782 4300 822 4375 F.
850 4299 973 4381 18.(Y.
992 4317 1013 4368 r.
1032 4317 1058 4368 2.
1076 4332 1102 4368 n.
1122 4317 1175 4382 ee.)

232 4429 340 4490 chari.
364 4445 397 4489 a.
420 4424 650 4506 1449-50ff.
674 4425 738 4486 169
760 4442 865 4496 num„
888 4425 977 4486 22><
990 4425 1034 4488 15
1055 4441 1116 4486 cm.
1140 4424 1162 4485 3
1184 4441 1228 4483 m.

341 4548 361 4609 1.
390 4545 547 4608 1“-130’
582 4545 764 4624 (Buridani
794 4545 1083 4625 Bethuniensisi)
1106 4545 1343 4625 Quaestiones
1367 4546 1409 4606 de
1432 4545 1636 4610 Aristotelis

232 4633 309 4696 vm
331 4634 429 4696 libris
452 4633 696 4712 Physicorum.
734 4632 847 4695 »Circa
869 4637 1000 4694 inicium
1024 4637 1115 4712 primi
1140 4633 1207 4692 libri
1232 4634 1335 4711 phis«
1362 4631 1402 4709 ><
1434 4632 1491 4693 »Et
1514 4639 1561 4696 sie
1586 4643 1637 4697 est

234 4723 309 4784 finis
340 4721 537 4782 8librorum
569 4721 798 4798 phisicorum«
835 4719 869 4780 ln
894 4720 958 4782 fine
982 4722 1050 4782 libr.
1074 4719 1096 4794 l,
1121 4717 1171 4786 Vi.
1195 4717 1250 4780 Vll
1274 4726 1429 4780 notantur
1450 4725 1528 4783 anni
1555 4722 1638 4784 1449

233 4817 264 4870 et
289 4806 398 4886 1450).

342 4895 361 4956 1.
381 4893 583 4956 131“-132“
598 4892 694 4954 Tituli
708 4899 937 4972 quaestionum
952 4895 1214 4972 praecedentium
1224 4909 1299 4952 cum
1309 4894 1371 4954 hac
1381 4895 1637 4974 subscriptione:

239 4983 322 5045 »Isto
339 4983 439 5044 modo
456 4983 656 5043 intitulantur
667 4982 734 5041 libri
752 4982 951 5058 phisicorum
967 4998 1024 5059 per
1035 4996 1245 5041 communem
1263 4981 1386 5042 scolam
1399 4981 1636 5044 Wiennensem

235 5079 266 5131 et
291 5071 473 5148 specialiter
496 5086 552 5147 per
575 5072 766 5146 magistrum
790 5067 1009 5128 Biridanum.«

909 5288 959 5338 287
