<?xml version="1.0" encoding="UTF-8"?>
<!DOCTYPE html PUBLIC "-//W3C//DTD XHTML 1.0 Transitional//EN"
    "http://www.w3.org/TR/xhtml1/DTD/xhtml1-transitional.dtd">
<html xmlns="http://www.w3.org/1999/xhtml" xml:lang="en" lang="en">
 <head>
  <title>
</title>
<meta http-equiv="Content-Type" content="text/html;charset=utf-8" />
  <meta name='ocr-system' content='tesseract 3.04.00' />
  <meta name='ocr-capabilities' content='ocr_page ocr_carea ocr_par ocr_line ocrx_word'/>
</head>
<body>
  <div class='ocr_page' id='page_1' title='image "./cataloguscodicu02truhgoog_0028.png"; bbox 0 0 4046 5972; ppageno 0'>
   <div class='ocr_carea' id='block_1_1' title="bbox 1601 605 1661 657">
    <p class='ocr_par' dir='ltr' id='par_1_1' title="bbox 1601 605 1661 657">
     <span class='ocr_line' id='line_1_1' title="bbox 1601 605 1661 657; baseline 0.017 -1"><span class='ocrx_word' id='word_1_1' title='bbox 1601 605 1661 657; x_wconf 80' lang='lat' dir='ltr'><strong>XIX</strong></span> 
     </span>
    </p>
   </div>
   <div class='ocr_carea' id='block_1_2' title="bbox 259 815 1663 1413">
    <p class='ocr_par' dir='ltr' id='par_1_2' title="bbox 259 815 1663 1413">
     <span class='ocr_line' id='line_1_2' title="bbox 260 815 1660 895; baseline 0.002 -21"><span class='ocrx_word' id='word_1_2' title='bbox 260 831 356 892; x_wconf 90' lang='lat' dir='ltr'><strong>opere</strong></span> <span class='ocrx_word' id='word_1_3' title='bbox 379 832 455 876; x_wconf 93' lang='lat' dir='ltr'><strong>cum</strong></span> <span class='ocrx_word' id='word_1_4' title='bbox 479 815 520 876; x_wconf 90' lang='lat' dir='ltr'><strong>de</strong></span> <span class='ocrx_word' id='word_1_5' title='bbox 544 817 684 877; x_wconf 90' lang='lat' dir='ltr'><strong>editione</strong></span> <span class='ocrx_word' id='word_1_6' title='bbox 708 817 853 878; x_wconf 86' lang='lat' dir='ltr'><strong>curanda</strong></span> <span class='ocrx_word' id='word_1_7' title='bbox 876 815 1042 894; x_wconf 82' lang='lat' dir='ltr'><strong>agebatur,</strong></span> <span class='ocrx_word' id='word_1_8' title='bbox 1071 819 1293 892; x_wconf 82' lang='lat' dir='ltr'><strong>gratissimum</strong></span> <span class='ocrx_word' id='word_1_9' title='bbox 1320 816 1396 876; x_wconf 91' lang='lat' dir='ltr'><strong>mihi</strong></span> <span class='ocrx_word' id='word_1_10' title='bbox 1420 820 1538 876; x_wconf 87' lang='lat' dir='ltr'><strong>evenit.</strong></span> <span class='ocrx_word' id='word_1_11' title='bbox 1570 816 1660 895; x_wconf 91' lang='lat' dir='ltr'><strong>quod</strong></span> 
     </span>
     <span class='ocr_line' id='line_1_3' title="bbox 260 918 1663 998; baseline 0.002 -20"><span class='ocrx_word' id='word_1_12' title='bbox 260 921 316 978; x_wconf 77' lang='lat' dir='ltr'><strong>riri</strong></span> <span class='ocrx_word' id='word_1_13' title='bbox 341 923 409 978; x_wconf 89' lang='lat' dir='ltr'><strong>sine</strong></span> <span class='ocrx_word' id='word_1_14' title='bbox 435 919 497 980; x_wconf 86' lang='lat' dir='ltr'><strong>ulla</strong></span> <span class='ocrx_word' id='word_1_15' title='bbox 520 919 718 981; x_wconf 83' lang='lat' dir='ltr'><strong>dubitatione</strong></span> <span class='ocrx_word' id='word_1_16' title='bbox 743 938 848 982; x_wconf 92' lang='lat' dir='ltr'><strong>rerum</strong></span> <span class='ocrx_word' id='word_1_17' title='bbox 873 920 1068 998; x_wconf 85' lang='lat' dir='ltr'><strong>peritissimi,</strong></span> <span class='ocrx_word' id='word_1_18' title='bbox 1095 923 1313 980; x_wconf 84' lang='lat' dir='ltr'><strong>universitatis</strong></span> <span class='ocrx_word' id='word_1_19' title='bbox 1339 918 1512 997; x_wconf 88' lang='lat' dir='ltr'><strong>Pragensis</strong></span> <span class='ocrx_word' id='word_1_20' title='bbox 1537 920 1663 998; x_wconf 87' lang='lat' dir='ltr'><strong>proles·</strong></span> 
     </span>
     <span class='ocr_line' id='line_1_4' title="bbox 261 1019 1661 1098; baseline 0.004 -18"><span class='ocrx_word' id='word_1_21' title='bbox 261 1037 352 1082; x_wconf 90' lang='lat' dir='ltr'><strong>sores</strong></span> <span class='ocrx_word' id='word_1_22' title='bbox 376 1024 590 1096; x_wconf 78' lang='lat' dir='ltr'><strong>illustrissimi,</strong></span> <span class='ocrx_word' id='word_1_23' title='bbox 614 1021 738 1086; x_wconf 83' lang='lat' dir='ltr'>HENR.</span> <span class='ocrx_word' id='word_1_24' title='bbox 764 1022 926 1096; x_wconf 84' lang='lat' dir='ltr'><strong>SINGER,</strong></span> <span class='ocrx_word' id='word_1_25' title='bbox 950 1021 1053 1084; x_wconf 74' lang='lat' dir='ltr'><strong>CAM.</strong></span> <span class='ocrx_word' id='word_1_26' title='bbox 1076 1019 1260 1097; x_wconf 78' lang='lat' dir='ltr'><strong>HENNER,</strong></span> <span class='ocrx_word' id='word_1_27' title='bbox 1285 1021 1383 1084; x_wconf 84' lang='lat' dir='ltr'>SAM.</span> <span class='ocrx_word' id='word_1_28' title='bbox 1408 1021 1661 1098; x_wconf 78' lang='lat' dir='ltr'><strong>STEtuHEuZ,</strong></span> 
     </span>
     <span class='ocr_line' id='line_1_5' title="bbox 259 1123 1659 1206; baseline 0.004 -22"><span class='ocrx_word' id='word_1_29' title='bbox 259 1123 333 1184; x_wconf 80' lang='lat' dir='ltr'><strong>lale</strong></span> <span class='ocrx_word' id='word_1_30' title='bbox 367 1123 489 1193; x_wconf 83' lang='lat' dir='ltr'><strong>GOLL,</strong></span> <span class='ocrx_word' id='word_1_31' title='bbox 514 1143 612 1204; x_wconf 89' lang='lat' dir='ltr'><strong>quem</strong></span> <span class='ocrx_word' id='word_1_32' title='bbox 635 1131 698 1188; x_wconf 89' lang='lat' dir='ltr'><strong>iam</strong></span> <span class='ocrx_word' id='word_1_33' title='bbox 723 1145 823 1206; x_wconf 90' lang='lat' dir='ltr'><strong>supra</strong></span> <span class='ocrx_word' id='word_1_34' title='bbox 846 1128 983 1198; x_wconf 87' lang='lat' dir='ltr'><strong>laudavi,</strong></span> <span class='ocrx_word' id='word_1_35' title='bbox 1008 1128 1151 1187; x_wconf 88' lang='lat' dir='ltr'><strong>laborem</strong></span> <span class='ocrx_word' id='word_1_36' title='bbox 1175 1128 1312 1204; x_wconf 86' lang='lat' dir='ltr'><strong>catalogi</strong></span> <span class='ocrx_word' id='word_1_37' title='bbox 1336 1125 1434 1187; x_wconf 88' lang='lat' dir='ltr'><strong>huius</strong></span> <span class='ocrx_word' id='word_1_38' title='bbox 1451 1130 1659 1189; x_wconf 85' lang='lat' dir='ltr'><strong>examinandi</strong></span> 
     </span>
     <span class='ocr_line' id='line_1_6' title="bbox 261 1230 1658 1310; baseline 0.004 -22"><span class='ocrx_word' id='word_1_39' title='bbox 261 1245 318 1306; x_wconf 93' lang='lat' dir='ltr'><strong>pro</strong></span> <span class='ocrx_word' id='word_1_40' title='bbox 342 1245 403 1288; x_wconf 88' lang='lat' dir='ltr'><strong>suo</strong></span> <span class='ocrx_word' id='word_1_41' title='bbox 427 1235 564 1309; x_wconf 85' lang='lat' dir='ltr'><strong>quisque</strong></span> <span class='ocrx_word' id='word_1_42' title='bbox 588 1231 768 1292; x_wconf 91' lang='lat' dir='ltr'><strong>studiorum</strong></span> <span class='ocrx_word' id='word_1_43' title='bbox 791 1249 910 1309; x_wconf 86' lang='lat' dir='ltr'><strong>genere</strong></span> <span class='ocrx_word' id='word_1_44' title='bbox 933 1232 1072 1308; x_wconf 87' lang='lat' dir='ltr'><strong>benigne</strong></span> <span class='ocrx_word' id='word_1_45' title='bbox 1090 1230 1257 1291; x_wconf 88' lang='lat' dir='ltr'><strong>subierunt</strong></span> <span class='ocrx_word' id='word_1_46' title='bbox 1280 1237 1311 1291; x_wconf 92' lang='lat' dir='ltr'><strong>et</strong></span> <span class='ocrx_word' id='word_1_47' title='bbox 1334 1247 1418 1308; x_wconf 90' lang='lat' dir='ltr'><strong>opus</strong></span> <span class='ocrx_word' id='word_1_48' title='bbox 1442 1232 1658 1310; x_wconf 88' lang='lat' dir='ltr'><strong>approbatum</strong></span> 
     </span>
     <span class='ocr_line' id='line_1_7' title="bbox 261 1333 1658 1413; baseline 0.001 -21"><span class='ocrx_word' id='word_1_49' title='bbox 261 1337 347 1410; x_wconf 88' lang='lat' dir='ltr'><strong>typis</strong></span> <span class='ocrx_word' id='word_1_50' title='bbox 371 1335 598 1394; x_wconf 86' lang='lat' dir='ltr'><strong>excudendum</strong></span> <span class='ocrx_word' id='word_1_51' title='bbox 623 1336 903 1396; x_wconf 88' lang='lat' dir='ltr'><strong>commendarunt.</strong></span> <span class='ocrx_word' id='word_1_52' title='bbox 939 1333 1037 1413; x_wconf 82' lang='lat' dir='ltr'><strong>Quod</strong></span> <span class='ocrx_word' id='word_1_53' title='bbox 1060 1339 1169 1394; x_wconf 85' lang='lat' dir='ltr'><strong>autem</strong></span> <span class='ocrx_word' id='word_1_54' title='bbox 1193 1336 1361 1412; x_wconf 87' lang='lat' dir='ltr'><strong>catalogus</strong></span> <span class='ocrx_word' id='word_1_55' title='bbox 1392 1341 1578 1395; x_wconf 86' lang='lat' dir='ltr'><strong>nostrorum</strong></span> <span class='ocrx_word' id='word_1_56' title='bbox 1604 1352 1658 1394; x_wconf 92' lang='lat' dir='ltr'><strong>co·</strong></span> 
     </span>
    </p>
   </div>
   <div class='ocr_carea' id='block_1_3' title="bbox 260 1435 1659 2033">
    <p class='ocr_par' dir='ltr' id='par_1_3' title="bbox 260 1435 1659 2033">
     <span class='ocr_line' id='line_1_8' title="bbox 262 1435 1658 1516; baseline 0.002 -21"><span class='ocrx_word' id='word_1_57' title='bbox 262 1435 369 1496; x_wconf 90' lang='lat' dir='ltr'><strong>dicum</strong></span> <span class='ocrx_word' id='word_1_58' title='bbox 405 1437 574 1498; x_wconf 89' lang='lat' dir='ltr'><strong>latinorum</strong></span> <span class='ocrx_word' id='word_1_59' title='bbox 606 1442 638 1498; x_wconf 94' lang='lat' dir='ltr'><strong>in</strong></span> <span class='ocrx_word' id='word_1_60' title='bbox 663 1439 767 1499; x_wconf 92' lang='lat' dir='ltr'><strong>lucem</strong></span> <span class='ocrx_word' id='word_1_61' title='bbox 803 1439 917 1516; x_wconf 87' lang='lat' dir='ltr'><strong>prodit,</strong></span> <span class='ocrx_word' id='word_1_62' title='bbox 952 1442 1091 1516; x_wconf 91' lang='lat' dir='ltr'><strong>primum</strong></span> <span class='ocrx_word' id='word_1_63' title='bbox 1126 1437 1363 1498; x_wconf 83' lang='lat' dir='ltr'><strong>munificentiae</strong></span> <span class='ocrx_word' id='word_1_64' title='bbox 1391 1454 1418 1497; x_wconf 92' lang='lat' dir='ltr'><strong>c.</strong></span> <span class='ocrx_word' id='word_1_65' title='bbox 1444 1455 1465 1497; x_wconf 90' lang='lat' dir='ltr'><strong>r.</strong></span> <span class='ocrx_word' id='word_1_66' title='bbox 1492 1441 1658 1500; x_wconf 88' lang='lat' dir='ltr'><strong>ministerii</strong></span> 
     </span>
     <span class='ocr_line' id='line_1_9' title="bbox 260 1539 1658 1620; baseline 0.002 -21"><span class='ocrx_word' id='word_1_67' title='bbox 260 1540 448 1602; x_wconf 88' lang='lat' dir='ltr'><strong>eruditionis</strong></span> <span class='ocrx_word' id='word_1_68' title='bbox 472 1543 627 1620; x_wconf 83' lang='lat' dir='ltr'><strong>publicae,</strong></span> <span class='ocrx_word' id='word_1_69' title='bbox 652 1543 769 1603; x_wconf 87' lang='lat' dir='ltr'><strong>deinde</strong></span> <span class='ocrx_word' id='word_1_70' title='bbox 801 1541 909 1602; x_wconf 89' lang='lat' dir='ltr'><strong>studio</strong></span> <span class='ocrx_word' id='word_1_71' title='bbox 933 1549 965 1602; x_wconf 91' lang='lat' dir='ltr'><strong>et</strong></span> <span class='ocrx_word' id='word_1_72' title='bbox 987 1543 1162 1602; x_wconf 83' lang='lat' dir='ltr'><strong>liberalitati</strong></span> <span class='ocrx_word' id='word_1_73' title='bbox 1187 1539 1304 1617; x_wconf 84' lang='lat' dir='ltr'><strong>Regiae</strong></span> <span class='ocrx_word' id='word_1_74' title='bbox 1327 1539 1499 1601; x_wconf 86' lang='lat' dir='ltr'><strong>Societatis</strong></span> <span class='ocrx_word' id='word_1_75' title='bbox 1523 1540 1658 1602; x_wconf 88' lang='lat' dir='ltr'><strong>Scienti·</strong></span> 
     </span>
     <span class='ocr_line' id='line_1_10' title="bbox 260 1643 1659 1723; baseline 0.002 -20"><span class='ocrx_word' id='word_1_76' title='bbox 260 1659 351 1704; x_wconf 86' lang='lat' dir='ltr'><strong>arum</strong></span> <span class='ocrx_word' id='word_1_77' title='bbox 369 1643 563 1706; x_wconf 78' lang='lat' dir='ltr'><strong>bohemicae</strong></span> <span class='ocrx_word' id='word_1_78' title='bbox 586 1651 757 1723; x_wconf 88' lang='lat' dir='ltr'><strong>acceptum</strong></span> <span class='ocrx_word' id='word_1_79' title='bbox 773 1646 952 1708; x_wconf 81' lang='lat' dir='ltr'><strong>referimus,</strong></span> <span class='ocrx_word' id='word_1_80' title='bbox 976 1645 1086 1723; x_wconf 81' lang='lat' dir='ltr'><strong>Magni</strong></span> <span class='ocrx_word' id='word_1_81' title='bbox 1103 1649 1198 1705; x_wconf 89' lang='lat' dir='ltr'><strong>etiam</strong></span> <span class='ocrx_word' id='word_1_82' title='bbox 1215 1645 1455 1705; x_wconf 89' lang='lat' dir='ltr'><strong>aestimandum</strong></span> <span class='ocrx_word' id='word_1_83' title='bbox 1473 1652 1551 1723; x_wconf 89' lang='lat' dir='ltr'><strong>puto</strong></span> <span class='ocrx_word' id='word_1_84' title='bbox 1567 1646 1659 1706; x_wconf 84' lang='lat' dir='ltr'><strong>adiu·</strong></span> 
     </span>
     <span class='ocr_line' id='line_1_11' title="bbox 260 1745 1657 1828; baseline 0.001 -21"><span class='ocrx_word' id='word_1_85' title='bbox 260 1756 406 1809; x_wconf 91' lang='lat' dir='ltr'><strong>mentum</strong></span> <span class='ocrx_word' id='word_1_86' title='bbox 441 1753 662 1827; x_wconf 84' lang='lat' dir='ltr'><strong>promtissima</strong></span> <span class='ocrx_word' id='word_1_87' title='bbox 697 1753 806 1810; x_wconf 90' lang='lat' dir='ltr'><strong>animo</strong></span> <span class='ocrx_word' id='word_1_88' title='bbox 836 1750 913 1810; x_wconf 90' lang='lat' dir='ltr'><strong>mihi</strong></span> <span class='ocrx_word' id='word_1_89' title='bbox 947 1753 1136 1828; x_wconf 87' lang='lat' dir='ltr'><strong>praestitum</strong></span> <span class='ocrx_word' id='word_1_90' title='bbox 1167 1749 1266 1809; x_wconf 91' lang='lat' dir='ltr'><strong>adre</strong></span> <span class='ocrx_word' id='word_1_91' title='bbox 1288 1745 1326 1807; x_wconf 91' lang='lat' dir='ltr'><strong>V.</strong></span> <span class='ocrx_word' id='word_1_92' title='bbox 1351 1746 1466 1826; x_wconf 87' lang='lat' dir='ltr'><strong>Kybal,</strong></span> <span class='ocrx_word' id='word_1_93' title='bbox 1503 1751 1556 1825; x_wconf 91' lang='lat' dir='ltr'><strong>qui</strong></span> <span class='ocrx_word' id='word_1_94' title='bbox 1590 1765 1657 1810; x_wconf 92' lang='lat' dir='ltr'><strong>non</strong></span> 
     </span>
     <span class='ocr_line' id='line_1_12' title="bbox 262 1850 1653 1930; baseline 0.003 -22"><span class='ocrx_word' id='word_1_95' title='bbox 262 1853 368 1912; x_wconf 79' lang='lat' dir='ltr'><strong>solum</strong></span> <span class='ocrx_word' id='word_1_96' title='bbox 393 1855 424 1914; x_wconf 94' lang='lat' dir='ltr'><strong>in</strong></span> <span class='ocrx_word' id='word_1_97' title='bbox 449 1853 527 1912; x_wconf 93' lang='lat' dir='ltr'><strong>libro</strong></span> <span class='ocrx_word' id='word_1_98' title='bbox 550 1852 741 1930; x_wconf 91' lang='lat' dir='ltr'><strong>corrigendo</strong></span> <span class='ocrx_word' id='word_1_99' title='bbox 772 1853 907 1914; x_wconf 90' lang='lat' dir='ltr'><strong>multum</strong></span> <span class='ocrx_word' id='word_1_100' title='bbox 932 1853 1051 1913; x_wconf 90' lang='lat' dir='ltr'><strong>laboris</strong></span> <span class='ocrx_word' id='word_1_101' title='bbox 1074 1869 1203 1913; x_wconf 93' lang='lat' dir='ltr'><strong>mecum</strong></span> <span class='ocrx_word' id='word_1_102' title='bbox 1227 1855 1442 1928; x_wconf 89' lang='lat' dir='ltr'><strong>consumpsit,</strong></span> <span class='ocrx_word' id='word_1_103' title='bbox 1474 1850 1653 1912; x_wconf 88' lang='lat' dir='ltr'><strong>sedetiam</strong></span> 
     </span>
     <span class='ocr_line' id='line_1_13' title="bbox 261 1955 1051 2033; baseline 0.003 -19"><span class='ocrx_word' id='word_1_104' title='bbox 261 1955 348 2015; x_wconf 89' lang='lat' dir='ltr'><strong>bunc</strong></span> <span class='ocrx_word' id='word_1_105' title='bbox 372 1958 555 2033; x_wconf 82' lang='lat' dir='ltr'><strong>catalogum</strong></span> <span class='ocrx_word' id='word_1_106' title='bbox 578 1956 740 2016; x_wconf 90' lang='lat' dir='ltr'><strong>uberrimo</strong></span> <span class='ocrx_word' id='word_1_107' title='bbox 764 1956 868 2017; x_wconf 89' lang='lat' dir='ltr'><strong>indice</strong></span> <span class='ocrx_word' id='word_1_108' title='bbox 893 1959 1051 2017; x_wconf 89' lang='lat' dir='ltr'><strong>instruxit.</strong></span> 
     </span>
    </p>
   </div>
   <div class='ocr_carea' id='block_1_4' title="bbox 261 2075 1661 2364">
    <p class='ocr_par' dir='ltr' id='par_1_4' title="bbox 261 2075 1661 2364">
     <span class='ocr_line' id='line_1_14' title="bbox 348 2075 1658 2156; baseline 0.001 -20"><span class='ocrx_word' id='word_1_109' title='bbox 348 2075 495 2156; x_wconf 84' lang='lat' dir='ltr'><strong>Denique</strong></span> <span class='ocrx_word' id='word_1_110' title='bbox 518 2077 594 2138; x_wconf 90' lang='lat' dir='ltr'><strong>nihil</strong></span> <span class='ocrx_word' id='word_1_111' title='bbox 618 2080 756 2156; x_wconf 89' lang='lat' dir='ltr'><strong>amplius</strong></span> <span class='ocrx_word' id='word_1_112' title='bbox 781 2082 911 2156; x_wconf 85' lang='lat' dir='ltr'><strong>exopto,</strong></span> <span class='ocrx_word' id='word_1_113' title='bbox 936 2093 1033 2155; x_wconf 89' lang='lat' dir='ltr'><strong>quam</strong></span> <span class='ocrx_word' id='word_1_114' title='bbox 1058 2082 1094 2137; x_wconf 89' lang='lat' dir='ltr'><strong>ut</strong></span> <span class='ocrx_word' id='word_1_115' title='bbox 1117 2077 1278 2138; x_wconf 86' lang='lat' dir='ltr'><strong>thesauris</strong></span> <span class='ocrx_word' id='word_1_116' title='bbox 1302 2079 1458 2138; x_wconf 88' lang='lat' dir='ltr'><strong>litterariis</strong></span> <span class='ocrx_word' id='word_1_117' title='bbox 1482 2076 1544 2138; x_wconf 89' lang='lat' dir='ltr'><strong>hac</strong></span> <span class='ocrx_word' id='word_1_118' title='bbox 1568 2079 1658 2137; x_wconf 88' lang='lat' dir='ltr'><strong>clave</strong></span> 
     </span>
     <span class='ocr_line' id='line_1_15' title="bbox 261 2180 1661 2260; baseline 0.001 -22"><span class='ocrx_word' id='word_1_119' title='bbox 261 2185 426 2241; x_wconf 89' lang='lat' dir='ltr'><strong>communi</strong></span> <span class='ocrx_word' id='word_1_120' title='bbox 449 2185 524 2241; x_wconf 88' lang='lat' dir='ltr'><strong>usui</strong></span> <span class='ocrx_word' id='word_1_121' title='bbox 548 2181 716 2259; x_wconf 79' lang='lat' dir='ltr'><strong>patefactis</strong></span> <span class='ocrx_word' id='word_1_122' title='bbox 740 2185 937 2260; x_wconf 86' lang='lat' dir='ltr'><strong>antiquitatis</strong></span> <span class='ocrx_word' id='word_1_123' title='bbox 968 2180 1077 2241; x_wconf 89' lang='lat' dir='ltr'><strong>studia</strong></span> <span class='ocrx_word' id='word_1_124' title='bbox 1099 2181 1186 2259; x_wconf 90' lang='lat' dir='ltr'><strong>apud</strong></span> <span class='ocrx_word' id='word_1_125' title='bbox 1210 2197 1272 2242; x_wconf 92' lang='lat' dir='ltr'><strong>nos</strong></span> <span class='ocrx_word' id='word_1_126' title='bbox 1295 2197 1394 2260; x_wconf 89' lang='lat' dir='ltr'><strong>quam</strong></span> <span class='ocrx_word' id='word_1_127' title='bbox 1427 2184 1563 2240; x_wconf 80' lang='lat' dir='ltr'><strong>maxime</strong></span> <span class='ocrx_word' id='word_1_128' title='bbox 1589 2197 1661 2258; x_wconf 91' lang='lat' dir='ltr'><strong>pro·</strong></span> 
     </span>
     <span class='ocr_line' id='line_1_16' title="bbox 261 2291 717 2364; baseline 0.009 -22"><span class='ocrx_word' id='word_1_129' title='bbox 261 2291 453 2346; x_wconf 88' lang='lat' dir='ltr'><strong>moveantur</strong></span> <span class='ocrx_word' id='word_1_130' title='bbox 475 2292 507 2346; x_wconf 90' lang='lat' dir='ltr'><strong>et</strong></span> <span class='ocrx_word' id='word_1_131' title='bbox 528 2291 717 2364; x_wconf 84' lang='lat' dir='ltr'><strong>augeantur.</strong></span> 
     </span>
    </p>
   </div>
   <div class='ocr_carea' id='block_1_5' title="bbox 370 2578 787 2657">
    <p class='ocr_par' dir='ltr' id='par_1_5' title="bbox 370 2578 787 2657">
     <span class='ocr_line' id='line_1_17' title="bbox 370 2578 787 2657; baseline 0.007 -18"><span class='ocrx_word' id='word_1_132' title='bbox 370 2578 489 2657; x_wconf 88' lang='lat' dir='ltr'><strong>Pragae</strong></span> <span class='ocrx_word' id='word_1_133' title='bbox 513 2580 575 2642; x_wconf 84' lang='lat' dir='ltr'><strong>kal.</strong></span> <span class='ocrx_word' id='word_1_134' title='bbox 598 2579 668 2641; x_wconf 90' lang='lat' dir='ltr'><strong>Jan.</strong></span> <span class='ocrx_word' id='word_1_135' title='bbox 698 2579 787 2644; x_wconf 85' lang='lat'>1905.</span> 
     </span>
    </p>
   </div>
   <div class='ocr_carea' id='block_1_6' title="bbox 0 0 2028 5972">
    <p class='ocr_par' dir='ltr' id='par_1_6' title="bbox 0 0 2028 5972">
     <span class='ocr_line' id='line_1_18' title="bbox 0 0 2028 5972; baseline 0 0"><span class='ocrx_word' id='word_1_136' title='bbox 0 0 2028 5972; x_wconf 95' lang='lat' dir='ltr'><strong> </strong></span> 
     </span>
    </p>
   </div>
  </div>
 </body>
</html>
