4040 5954
1050 430 1129 491 1317

492 631 597 711 1317
975 632 1056 708 VII.
1083 632 1127 709 E.
1154 634 1216 709 27.

387 771 495 833 chart.
518 789 607 834 saec.
629 769 696 834 XV
712 773 752 854 ff.
777 774 819 835 73
840 791 944 846 num„
967 773 1047 836 20·5
1058 776 1155 852 ><15
1164 791 1227 836 cm.
1251 774 1268 835 1
1295 792 1339 835 m.

501 893 523 953 f.
551 893 686 955 11-31ι
710 894 850 956 Martini
872 894 1059 956 minoritae
1081 895 1202 958 Flores
1224 901 1423 973 temporum
1454 895 1542 969 (»vei
1572 903 1726 974 excerpta
1748 897 1791 958 de

390 983 530 1041 cronicis
567 987 599 1041 et
628 982 744 1043 dicitur
775 987 906 1042 cronica
938 981 1152 1043 Martimiani‹
1178 983 1305 1043 -sed
1334 982 1429 1055 salso,
1463 982 1504 1044 ci.
1538 982 1702 1056 Potthast)
1725 999 1792 1045 seu

389 1065 580 1128 chronicon
609 1067 859 1144 imperatorum
889 1073 924 1128 et
957 1067 1163 1146 pontificum
1196 1070 1241 1130 ad
1274 1068 1439 1131 Carolum
1467 1068 1514 1130 1v
1536 1069 1790 1132 continuatum

390 1152 517 1213 »Prima
547 1159 618 1214 etas
648 1156 793 1216 duravit«
819 1156 852 1213 ><
879 1160 1114 1216 »communiter
1145 1154 1311 1217 diffidavit.
1344 1155 1483 1235 Explicit
1506 1162 1695 1234 excerptum
1719 1173 1790 1217 cro-

387 1256 487 1300 ilices

493 1326 513 1387 1.
538 1325 701 1388 312--31b
724 1329 815 1388 Aliae
837 1333 935 1390 notae
958 1328 1142 1389 historicae.

491 1411 512 1474 i.
536 1411 699 1475 321-361
722 1415 903 1478 Tractatus
927 1413 1059 1476 deiide
1083 1415 1256 1476 catholica
1278 1421 1313 1477 et
1343 1415 1385 1476 de
1408 1414 1648 1476 sacramentis.
1684 1415 1791 1495 »Quia

388 1502 458 1559 sine
482 1498 547 1560 fide
571 1505 734 1562 neminem
758 1506 911 1563 convenit
940 1502 1076 1562 salvari«
1105 1505 1135 1557 ><
1164 1506 1250 1580 »pari
1274 1519 1359 1580 pena
1383 1507 1460 1563 sunt
1482 1502 1649 1579 puniendi.
1694 1503 1789 1582 Expl.

387 1591 476 1646 tract.
514 1585 554 1646 de
584 1586 650 1647 tide
684 1589 768 1649 cath.
800 1594 832 1649 et
865 1589 906 1648 de
937 1592 1181 1650 sacramentis«
1215 1587 1402 1663 (Tractatus
1426 1588 1468 1648 de
1490 1588 1556 1650 fide
1580 1593 1724 1651 maxima
1747 1607 1791 1651 ex

388 1677 477 1750 parte
501 1673 680 1734 concordat
709 1691 784 1736 cum
815 1674 1036 1739 catechismo
1067 1674 1250 1738 bohemico
1283 1674 1327 1736 Μ.
1361 1674 1534 1737 iohannis
1567 1674 1654 1750 Hus,
1689 1693 1789 1755 quem

389 1759 490 1819 edidit
513 1759 664 1838 Palacky'‚
691 1759 828 1822 Docum.
854 1761 942 1836 703.)

491 1845 512 1905 1.
536 1845 577 1906 37
601 1847 742 1926 (anepigr.
767 1853 825 1906 alia
855 1851 958 1921 manu)
990 1849 1067 1911 List
1095 1849 1141 1911 ke
1172 1838 1231 1910 νέί
1259 1847 1337 1909 obci
1369 1862 1390 1909 ο
1414 1841 1563 1910 blr'zliem
1592 1842 1790 1926 postednim

389 1932 512 1993 soudu.
541 1932 668 1993 »Milost
691 1939 783 1994 otcze
806 1935 1106 1997 wsemohuczeh0‹
1133 1938 1167 1994 ><
1192 1935 1386 2013 »wsiczkny
1408 1951 1534 2014 wemy.
1557 1932 1789 2014 Napomynnm

388 2034 461 2078 was
485 2035 543 2096 pro
566 2036 686 2097 gmeno
711 2021 804 2081 bozie
828 2023 893 2100 aby
916 2028 1004 2084 tento
1029 2025 1082 2084 list
1104 2024 1146 2084 bil
1170 2037 1332 2082 oznamen
1356 2038 1433 2099 wsy
1454 2022 1592 2100 obczy.‹

491 2105 512 2165 1.
536 2104 698 2166 381-721
721 2105 857 2186 (iacobi
872 2108 915 2169 de
930 2109 1035 2187 Misa)
1050 2108 1232 2170 Tractatus
1249 2108 1291 2169 de
1304 2107 1551 2170 communione
1563 2108 1628 2169 sub
1640 2112 1789 2185 utraque

387 2191 504 2266 specie
527 2199 649 2254 contra
678 2194 923 2256 conclusiones
953 2196 1135 2258 doctorum
1167 2193 1504 2256 Constantiensium.
1554 2194 1678 2255 »Prima
1711 2211 1788 2256 con·

388 2279 513 2340 clusio:
538 2278 666 2343 Cristus
689 2285 766 2357 post
787 2298 903 2342 cenam
927 2289 988 2344 etc.
1012 2282 1277 2344 Fundamentum
1299 2281 1405 2341 aliud«
1434 2281 1468 2338 ><
1492 2282 1572 2342 »illic
1595 2287 1628 2342 et
1643 2285 1790 2343 minister

388 2380 483 2425 meus
507 2369 574 2426 erit.
609 2364 702 2444 Expl.
735 2369 966 2429 conclusiones
999 2370 1039 2429 de
1073 2368 1274 2430 Constancia
1296 2373 1409 2429 contra
1432 2372 1700 2431 communionem
1724 2369 1788 2428 sub

388 2455 524 2529 utraque
548 2457 657 2530 specie
681 2458 713 2513 et
736 2459 969 2532 responsiones
992 2457 1036 2516 ad
1059 2473 1135 2516 eas«
1156 2505 1162 2516 .
1181 2506 1187 2516 .
1207 2501 1213 2514 .
1230 2454 1329 2534 (opus
1344 2458 1504 2532 integrum
1528 2456 1603 2515 edit.
1619 2453 1724 2516 Hardt
1738 2453 1788 2526 111,

387 2536 446 2598 591
476 2544 549 2615 sq.).

490 2624 511 2684 f.
536 2623 695 2685 721--731
724 2626 977 2689 »Auctoritates
1005 2627 1149 2690 collecte
1183 2627 1293 2705 Prage
1326 2643 1348 2687 a
1381 2626 1560 2705 magistris
1582 2631 1618 2688 et
1640 2627 1683 2689 ad
1706 2643 1789 2688 con·

387 2709 505 2770 cilium
529 2709 807 2774 Constanciense
830 2713 958 2777 directe
993 2731 1021 2776 a.
1056 2714 1138 2776 1417
1162 2720 1244 2792 post
1266 2713 1397 2775 festum
1419 2719 1663 2791 pentecostes«
1689 2713 1789 2793 (frag-

388 2802 557 2870 mentum).

491 2883 513 2944 i.
538 2882 700 2946 731--731
716 2889 872 2961 (anepigr.)
887 2886 1122 2965 Promulgatio
1138 2893 1288 2964 quatuor
1302 2885 1531 2948 articulorum
1546 2885 1789 2965 Pragensium.

391 2966 532 3030 »Notum
556 2975 598 3031 sit
620 2974 774 3033 omnibus
797 2971 1089 3036 christifidelibus«
1116 2978 1148 3032 ><
1174 2977 1421 3052 »paratissimos
1444 2974 1668 3035 exhibemus«

494 3059 689 3131 Praeligatum
721 3068 765 3117 est
794 3063 987 3134 fragmentum
1018 3065 1138 3123 membr.
1170 3066 1282 3120 codicis
1319 3064 1416 3135 liturg.
1449 3079 1527 3120 saec.
1558 3063 1636 3135 XIV,
1666 3067 1697 3120 in
1728 3079 1789 3135 quo

389 3152 547 3201 occurrunt
570 3151 713 3218 quaedam
738 3151 967 3222 benedictiones,
990 3151 1059 3206 item
1084 3152 1101 3205 6
1126 3150 1176 3207 iol.
1200 3151 1301 3220 chart,
1324 3151 1354 3206 in
1378 3151 1485 3222 quibus
1508 3156 1578 3206 sunt
1593 3156 1680 3206 notae
1696 3149 1790 3206 histo-

388 3231 467 3287 ricae
490 3233 597 3303 partim
621 3239 658 3290 ad
682 3251 757 3308 opus
784 3235 901 3293 ›Flores
924 3244 1106 3309 temporum«
1133 3243 1307 3309 spectantes,

492 3415 595 3498 isto
964 3424 1047 3500 VII.
1077 3424 1120 3499 E.
1147 3422 1208 3498 28.

386 3556 495 3620 chart.
518 3575 607 3621 saec.
632 3557 718 3621 XVI
733 3559 774 3641 ff.
798 3562 871 3633 144,
895 3564 935 3625 21
950 3564 1042 3626 ><16
1064 3583 1127 3626 cm.
1155 3565 1169 3625 1
1195 3583 1240 3626 m.

585 3680 715 3744 Urbani
736 3683 858 3762 Rhegii
879 3685 1089 3748 Rudimenta
1110 3686 1353 3764 philosophiae
1376 3682 1587 3746 Aristotelis.

492 3798 513 3860 1.
542 3796 574 3860 lb
598 3804 774 3879 (Epistola:)
800 3804 861 3867 »ll
886 3805 1042 3868 Urbanus
1066 3807 1185 3885 Regius
1209 3807 1377 3884 discipulis
1395 3810 1465 3866 suis
1490 3857 1495 3866 .
1522 3853 1528 3865 .
1554 3856 1560 3867 .
1585 3804 1637 3867 Ex
1652 3809 1788 3868 ruinoso

391 3884 540 3947 Liliorum
572 3891 785 3952 contubernio
816 3895 996 3972 Angelipoli
1021 3895 1148 3954 decima
1171 3893 1255 3954 Junii
1279 3912 1308 3954 a.
1332 3897 1464 3972 virginei
1488 3899 1600 3972 partus
1628 3892 1727 3953 1516«
1754 3895 1788 3950 ><

390 3971 411 4033 1.
440 3973 518 4034 144⁸
540 3974 699 4053 (Peroratio
709 3982 731 4051 :)
757 3979 847 4040 »Deo
870 3985 993 4059 optimo
1017 3985 1187 4042 maximo,
1208 4031 1213 4041 .
1234 4027 1241 4040 .
1263 4031 1268 4042 .
1292 3984 1502 4058 animamque
1526 3985 1626 4040 totam
1644 3978 1789 4058 perlecta

392 4060 695 4141 iucundissimaque
719 4065 867 4129 fruitione
891 4073 922 4128 in
946 4085 1011 4129 sec.
1037 4085 1103 4129 sec.
1128 4065 1195 4128 Soli
1220 4067 1282 4128 deo
1305 4069 1414 4144 gloria.

491 4166 594 4222 Codex
616 4170 664 4226 hic
688 4179 775 4228 antea
797 4175 944 4245 adligatus
968 4181 1030 4231 erat
1051 4178 1126 4232 libro
1154 4176 1201 4233 12.
1225 4174 1258 4232 B.
1284 4175 1334 4231 92.

495 4352 596 4434 1319
968 4362 1051 4438 VII.
1080 4362 1122 4436 E.
1155 4362 1217 4435 29.

386 4492 495 4555 chart.
519 4512 552 4554 a.
576 4493 665 4557 1539
678 4495 727 4576 ss.
750 4499 805 4575 31,
826 4501 1037 4565 20·5><15·5
1057 4519 1119 4564 cm.
1144 4502 1162 4563 1
1189 4519 1233 4563 m.

384 4614 540 4693 Sphaera
560 4614 734 4684 iohannis
757 4624 799 4686 dc
822 4623 1037 4688 Sacrobosco
1061 4624 1097 4686 in
1119 4623 1365 4701 compendium
1380 4622 1524 4701 digesta.
1541 4622 1644 4684 Anno
1660 4620 1787 4684 salutis

908 4719 1028 4775 nostre
1054 4709 1269 4773 MDXXXIX.

488 4842 658 4899 Secundum
693 4847 778 4899 notas
812 4839 882 4896 folio
916 4839 1074 4908 praeligato
1110 4839 1266 4906 inscriptas
1300 4839 1396 4893 codex
1429 4837 1477 4892 hic
1511 4851 1573 4890 una
1602 4851 1668 4890 cum
1704 4834 1787 4890 libris

384 4929 535 5000 impressis
559 4931 628 4986 olim
653 4928 788 5000 adligatis
813 4926 922 4999 (Lucae
946 4923 1063 4981 Gaurici
1086 4923 1240 4979 'lractatus
1264 4923 1441 4993 astrologiae
1456 4922 1636 4991 iudiciariae,
1656 4919 1786 4978 Norimb.

1063 5145 1114 5195 506
