4046 5972
915 591 979 652 149

348 791 419 873 147
848 796 879 873 1.
909 797 957 876 o.
987 751 1031 874 7ss

240 933 347 996 chori.
371 951 456 998 suec.
481 930 587 996 XVII
603 930 643 1012 (s.
667 932 688 996 4
710 936 741 995 ei
762 935 787 998 5
806 953 838 996 α.
861 935 962 1016 1684)
975 936 1029 1016 ss.
1050 937 1092 1000 79
1114 953 1219 1010 ntem„
1249 933 1393 996 20><30
1420 951 1483 996 cm.
1515 899 1645 1014 magno

240 1037 277 1080 ex
295 1023 395 1100 porte
418 1017 665 1101 autographus,
693 1023 750 1082 sed
778 1021 1020 1086 additamentis
1050 1040 1218 1084 montrum
1248 1021 1473 1083 recentiorum
1507 1023 1641 1083 auctus.

344 1143 412 1200 Post
435 1144 578 1216 illigatum
601 1144 728 1200 indicem
750 1159 839 1200 manu
863 1160 941 1204 saec.
965 1148 1058 1202 nostri
1081 1145 1158 1216 (ios.
1174 1145 1273 1217 Leyen
1291 1145 1485 1202 bibliothecae
1501 1143 1645 1204 clement.

239 1232 330 1298 servi)
353 1233 562 1288 concinnatum
586 1231 764 1302 praecedunt
788 1231 805 1286 2
830 1232 899 1288 iolla
922 1247 982 1288 non
1006 1249 1097 1300 num..
1121 1249 1246 1304 quorum
1268 1235 1363 1304 primo
1387 1233 1552 1288 continetur
1567 1232 1644 1288 iura-

240 1325 368 1374 mentum
393 1321 469 1388 regis
491 1317 615 1388 Angliae
639 1319 772 1373 versibus
795 1319 970 1390 germanicis
994 1320 1035 1376 ita
1058 1321 1220 1386 conditum,
1243 1327 1276 1375 ut
1298 1321 1415 1376 diverso
1432 1320 1520 1375 modo
1535 1318 1644 1374 lectum

241 1407 328 1460 modo
352 1405 497 1460 catholice
529 1406 617 1460 modo
648 1407 855 1475 protestantice
886 1414 983 1463 sonat.
1007 1405 1118 1462 Ibidem
1142 1407 1202 1462 duo
1226 1406 1354 1476 inslgnia
1385 1405 1539 1476 originalia
1561 1417 1644 1461 cerae

240 1491 383 1562 impressa
413 1496 556 1548 occurunt
587 1490 780 1546 familiarum:
813 1491 986 1549 Fremutovi
1010 1507 1026 1548 z
1048 1487 1182 1564 Tropiic,
1213 1488 1350 1548 Krsoviti
1373 1507 1389 1548 z
1411 1491 1547 1549 Krsovic.
1581 1489 1644 1547 Fol.

240 1579 332 1634 altero
355 1580 521 1635 continetur
543 1577 648 1633 titulus
671 1579 734 1638 hic:

347 1677 553 1758 Fragmenta
576 1679 939 1757 stemmatographica.
962 1679 1125 1760 (Zlomlty
1147 1680 1315 1758 rodopisu
1338 1673 1517 1757 ieakeho).
1550 1676 1645 1757 Opus

241 1769 351 1826 maiori
383 1783 425 1826 ex
459 1771 547 1843 parte
580 1765 785 1827 bohemicum
822 1771 1107 1828 concinnaveritne
1138 1767 1173 1828 T.
1197 1764 1250 1828 Fr.
1277 1764 1402 1842 Ebner,
1432 1768 1487 1846 qul
1524 1781 1646 1826 nomen

241 1869 338 1912 suum
362 1854 556 1930 subscripsit
586 1850 638 1912 iol.
667 1851 715 1926 13,
751 1859 860 1914 manet
882 1857 1050 1915 incertum.
1076 1851 1142 1915 Sed
1165 1859 1293 1931 praeter
1323 1869 1398 1913 eum
1422 1851 1527 1914 etalii
1550 1852 1645 1912 colla·

240 1938 437 2000 boraverunt
459 1956 479 2000 a
501 1938 553 2000 tol.
578 1937 630 2000 55.

348 2041 367 2102 i.
394 2040 434 2102 75
458 2046 545 2122 typis
567 2057 728 2102 excusum
763 2047 814 2104 est
847 2043 910 2106 sub
940 2043 1047 2105 titulo:
1080 2011 1228 2106 Schema
1257 2041 1519 2120 genealogicum
1553 2087 1560 2102 .
1592 2087 1600 2101 .
1634 2087 1641 2101 .

241 2128 487 2276 Ᾰῐὶῃὲοἷῐέἱὲἷιιη
520 2129 562 2189 de
596 2126 880 2192 Schrattenbach.
913 2127 1180 2210 vetem-pragae,
1218 2134 1305 2210 typis
1343 2126 1414 2191 Car.
1454 2127 1480 2190 J.
1523 2127 1645 2196 Hraba.

346 2383 420 2466 lte
848 2389 878 2463 I.
906 2389 956 2464 D.
983 2388 1019 2462 8.

239 2525 348 2588 chart.
371 2544 459 2588 saec.
483 2525 809 2605 XVII-XVIIIff.
833 2528 887 2602 47,
908 2527 1052 2590 34><20
1074 2545 1136 2588 ern.
1159 2527 1177 2588 1
1203 2545 1247 2588 m.

346 2648 503 2710 Annales
537 2648 771 2711 ecclesiastici
809 2649 851 2711 ab
885 2665 979 2711 anno
1013 2647 1134 2710 mundi
1167 2645 1253 2708 4039
1287 2646 1410 2726 (natali
1440 2647 1472 2708 b.
1495 2644 1642 2723 Mariae)

239 2751 351 2813 usque
374 2737 419 2800 ad
441 2751 574 2798 annum
596 2732 662 2797 690
684 2753 716 2812 p.
740 2734 821 2798 Chr.
846 2734 940 2815 Opus
963 2737 1081 2797 nullius
1105 2738 1204 2814 pretii.

346 2905 418 2988 149
848 2907 877 2983 Ι.
905 2907 954 2982 D.
982 2909 1018 2982 9.

238 3048 348 3112 citeri.
371 3065 459 3110 saec.
484 3045 649 3110 XIV-X
654 3045 682 3106 V
692 3045 742 3126 fs.
765 3047 805 3112 91
832 3065 936 3121 rrum„
957 3046 1102 3109 30><22
1125 3063 1188 3110 cm.
1213 3046 1244 3109 d.
1269 3063 1312 3107 m.

347 3169 366 3230 i.
397 3171 429 3232 1¹²
453 3169 668 3248 Consignatio
692 3175 918 3230 contentorum
944 3184 1044 3229 manu
1067 3185 1152 3230 saec.
1178 3166 1246 3230 XV.

238 3363 270 3420 in
295 3357 338 3420 sol
347 3270 532 3432 [lg-401)
554 3273 746 3352 Euangelia
774 3271 951 3349 Matthaei,
979 3271 1100 3348 Marci,
1130 3272 1244 3335 Lucae
1275 3276 1365 3346 (cum
1396 3274 1482 3332 notis
1506 3273 1639 3348 margin.

347 3461 367 3522 i.
390 3463 552 3526 ‹tu-43·
575 3463 752 3528 Sermones
776 3469 840 3525 tres
864 3464 904 3525 de
928 3464 1112 3525 animabus,

349 3565 368 3627 i.
393 3563 553 3626 432-712
582 3565 687 3629 Liber
715 3568 757 3629 de
789 3571 923 3644 septem
956 3565 1143 3652 timoribus
1166 3583 1228 3644 per
1250 3565 1420 3644 exempla.
1457 3563 1639 3644 »Quoniam

240 3653 313 3732 plus
346 3653 497 3731 exempla
531 3668 629 3732 quam
663 3655 763 3714 verba
797 3659 948 3714 movent«
975 3655 1007 3710 ><
1034 3655 1168 3714 »mirum
1203 3659 1263 3725 est,
1294 3657 1355 3714 nisi
1397 3655 1507 3712 timeat
1529 3653 1638 3712 omnis

235 3741 336 3800 homo
368 3787 373 3800 .
400 3788 406 3800 .
432 3789 470 3800 ..
503 3738 641 3818 Expicit
674 3743 753 3801 liber
786 3740 826 3800 de
861 3740 1031 3800 timoribus
1061 3741 1295 3818 septuplicibus
1330 3741 1414 3799 utilis
1446 3737 1637 3816 desperatis.

235 3823 366 3887 Nudum
391 3828 470 3888 latro
494 3831 680 3888 transmittit
702 3833 734 3888 et
756 3831 787 3888 in
812 3826 954 3887 obsessa
976 3831 1029 3886 via
1053 3831 1186 3906 pauperi
1211 3843 1276 3905 pax
1301 3832 1380 3886 est«

342 3930 362 3990 i.
389 3924 550 3992 elo-72¹³
574 3928 720 4022 Registra
743 3929 810 3990 duo
833 3933 941 4008 operis
965 3929 1198 4008 praecedentis,

342 4034 363 4096 i,
390 4031 548 4095 732-771'
572 4032 749 4108 Sermones
772 4033 902 4113 aliquot.

342 4121 362 4182 i.
388 4121 429 4182 78
455 4120 571 4200 »Quod
596 4123 705 4200 triplici
729 4124 858 4182 racione
882 4120 1034 4183 dicebant
1056 4124 1141 4200 magi
1165 4124 1303 4198 primum
1327 4137 1455 4200 regem«
1483 4168 1489 4180 .
1515 4168 1521 4179 .
1548 4167 1553 4178 .

343 4208 362 4270 i.
388 4207 429 4269 79
455 4207 572 4288 »Quod
595 4212 697 4268 virtus
725 4212 776 4268 est
799 4206 911 4268 melior
933 4223 1031 4287 quam
1056 4207 1144 4268 bona
1166 4223 1294 4286 opera«

343 4296 363 4356 i.
388 4291 548 4358 80¹-8tb
576 4293 642 4355 »De
667 4293 958 4356 commendacione
981 4297 1137 4358 virtutis«

343 4399 363 4460 i.
388 4395 549 4460 822-85b
570 4397 724 4477 (Milicii)
744 4399 865 4460 Sermo
894 4398 1096 4477 synodalis:
1129 4395 1243 4460 »Grex
1264 4397 1422 4476 perditus
1445 4395 1559 4457 iactus
1582 4397 1639 4456 est

234 4487 384 4566 populus
418 4503 538 4548 meus«
577 4489 608 4542 ><
646 4489 718 4566 »qui
753 4502 815 4547 nos
849 4501 1058 4564 utracumque
1092 4501 1189 4564 grege
1220 4501 1283 4546 suo
1317 4483 1450 4545 reducat
1480 4482 1523 4542 ad
1552 4482 1636 4543 ovile

235 4575 372 4634 ecclesie
395 4581 427 4634 et
451 4573 584 4634 demum
608 4573 651 4634 ad
675 4577 809 4651 patn'am
834 4574 949 4634 salutis
972 4577 1090 4634 eterne.
1116 4571 1178 4652 Qui
1201 4575 1279 4634 vivit
1303 4621 1309 4634 .
1336 4595 1362 4632 .‹

343 4677 362 4738 i.
388 4676 548 4738 ὃδὴ-86α
572 4676 673 4740 Alter
695 4691 811 4737 sermo
834 4673 1018 4754 synodalis
1048 4674 1203 4754 (Milicii)
1227 4690 1366 4736 mancus
1389 4677 1421 4734 in
1445 4671 1519 4734 fine.
1559 4669 1635 4732 »Sa-

235 4764 384 4826 cerdotes
408 4769 676 4842 contempserunt
699 4765 800 4841 legem
826 4779 952 4823 meam«
980 4765 1011 4818 ><
1039 4779 1178 4823 »nomen
1202 4765 1288 4822 enim
1313 4760 1363 4821 dei
1387 4775 1528 4839 parvos
1551 4757 1635 4819 blas·

235 4853 435 4930 phematum

343 4955 363 5016 i.
387 4953 549 5016 eol-37²
577 4954 734 5034 »Questio
758 4953 799 5016 de
823 4959 939 5016 sancta
961 4969 1096 5014 cruce«
1124 4951 1283 5032 »Quidam
1309 4949 1489 5029 discipulus
1505 4953 1636 5010 interro·

233 5047 322 5122 gavit
344 5042 496 5103 abbatem
520 5057 647 5104 suum«

919 5263 953 5313 53
