4004 5966
884 533 949 596 290

316 745 336 806 l.
362 745 469 805 236³-
488 741 568 806 2811‘
592 743 701 807 Stella
724 742 928 806 clerlcorum
952 759 1032 805 curu
1057 743 1289 821 expositione.
1338 744 1450 808 »Circa
1484 750 1614 808 inicium

213 833 304 894 stelle
329 834 519 893 clericorum
542 831 583 892 de
608 833 680 892 celo
704 835 736 891 et
759 831 900 890 mundo·
930 849 961 904 ><
990 835 1038 892 »in
1062 833 1172 892 celesti
1199 835 1329 909 patria«
1356 833 1405 906 (In
1431 835 1503 894 cod.
1529 833 1549 894 l.
1574 831 1612 894 G.

212 919 231 980 2
258 919 278 980 i.
303 917 443 984 60--67,
471 919 525 978 ubi
549 919 745 996 idem·=opus
769 921 909 978 occurrit
931 917 990 976 sed
1015 922 1086 978 sine
1110 921 1325 996 expositione,
1351 925 1480 998 ponitur
1502 925 1616 982 auctor

212 1005 301 1084 Mag.
324 1004 546 1066 Hermannus
569 1003 817 1081 Tepelstensis,
843 1003 902 1064 sed
927 1004 1000 1063 alibi
1023 1005 1093 1064 aliis
1117 1005 1320 1079 attribuitur.)

316 1113 470 1184 operculis
504 1113 633 1182 adligata
667 1119 737 1166 suut
771 1113 830 1166 duo
869 1109 1031 1180 fragmenta
1054 1111 1213 1172 membran,
1248 1113 1386 1168 codicum
1409 1113 1613 1184 vetustiorum,

212 1215 303 1254 unum
327 1215 406 1259 saec,
428 1197 504 1266 XIII,
528 1199 650 1254 alterum
674 1195 752 1257 XIV,
776 1195 809 1252 In
831 1197 880 1256 lol,
904 1197 1008 1252 ultimo
1032 1213 1092 1252 non
1116 1214 1195 1258 num,
1221 1201 1393 1256 adnotatum
1415 1206 1459 1256 est
1483 1201 1614 1256 codicem

212 1301 291 1346 saec,
316 1284 369 1340 XV
394 1286 484 1340 luisse
508 1293 633 1342 monast.
666 1282 903 1342 Borowanensis.
939 1281 1062 1354 (Ibidem
1097 1287 1222 1340 occurrit
1257 1292 1328 1341 nota
1361 1287 1397 1341 de
1432 1288 1524 1342 missa
1557 1288 1614 1358 legi

213 1379 317 1443 coepta
340 1389 367 1432 a,
395 1373 486 1440 1496,
510 1387 598 1442 quarn
622 1371 753 1426 fundavit
775 1369 892 1425 Ulrlcus
916 1371 951 1425 de
975 1369 1157 1437 Dworzecz,)
1181 1371 1216 1431 A.
1245 1373 1325 1427 1609
1350 1375 1444 1428 codex
1467 1381 1527 1429 erat
1544 1375 1613 1436 bibl,

214 1459 457 1528 Rosenbergicae,
481 1461 587 1514 deinde
612 1459 714 1512 iterum
740 1457 909 1512 monasterii
938 1457 1068 1527 praefati.

314 1641 398 1725 289
830 1643 859 1718 I.
890 1643 933 1718 G.
963 1642 1023 1717 13.

212 1786 320 1846 chart.
343 1802 431 1846 saec.
455 1781 522 1845 XV
533 1780 582 1861 ss.
605 1782 671 1844 260
694 1801 797 1852 nuru..
821 1783 860 1844 21
878 1781 964 1844 ><14
986 1800 1049 1844 cm.
1074 1784 1106 1844 d.
1130 1801 1174 1844 m.

318 1907 335 1967 i.
365 1905 483 1966 1-75·
513 1909 670 1978 (anepigrt
713 1903 949 1966 Auctoritates
982 1904 1208 1982 theologicae.
1259 1904 1485 1967 »Bernhardus
1520 1907 1611 1966 dicit:

211 1993 295 2054 deus
319 1999 370 2054 est
392 2009 502 2053 amor«
530 1994 562 2049 Χ
589 1990 765 2069 »Magnum
789 1993 987 2052 certantibus
1012 1993 1172 2061 levamen,
1197 2009 1351 2070 magnam
1371 1995 1612 2054 consolacionis

210 2084 352 2158 graciam
400 2085 520 2158 parat«.
557 2075 710 2156 Sequitur
761 2082 931 2155 registrum
974 2083 1006 2140 in
1049 2077 1152 2139 fronte
1195 2081 1386 2156 mutilatum,
1421 2078 1548 2140 finitum
1582 2096 1612 2142 a.

213 2163 304 2228 1437.

314 2271 334 2332 i.
359 2266 521 2330 isi-83·
544 2273 703 2343 (anepigr.)
734 2266 915 2330 Tractatus
950 2269 991 2329 de
1014 2269 1179 2346 peccatis.
1217 2269 1396 2348 »Superbia
1427 2275 1478 2330 est
1512 2273 1612 2330 malo-

210 2362 313 2418 racio·
343 2359 375 2414 ><
403 2356 509 2436 »quod
534 2360 598 2433 regi
624 2359 737 2433 piacet,
762 2355 838 2415 illud
862 2361 990 2434 oportet
1012 2356 1119 2417 lacere
1143 2363 1205 2418 etc.
1229 2356 1271 2416 Et
1294 2361 1341 2418 sic
1365 2361 1416 2416 est
1437 2356 1543 2416 finis.»

317 2461 337 2522 i.
362 2455 525 2522 sub-84¹²
548 2458 651 2520 Notae
676 2459 716 2519 de
741 2459 941 2538 quadruplici
966 2475 1068 2520 sensu
1093 2464 1281 2539 scripturae,
1306 2459 1347 2519 de
1371 2460 1533 2521 ebrietate.

319 2565 339 2626 i.
364 2563 530 2626 85⁸-143
554 2567 698 2638 (anepIgr‚
723 2567 809 2621 titulo
832 2567 861 2620 in
886 2565 978 2621 fronte
1009 2567 1127 2636 evulso)
1152 2561 1420 2625 Confessionsle
1453 2563 1612 2624 sacerdo-

210 2659 295 2714 tum.
324 2650 374 2713 »In
399 2655 510 2730 primis
533 2651 631 2710 debet
665 2650 823 2710 sacerdos
857 2654 1054 2726 interrogare
1090 2655 1306 2728 penitentem«
1333 2650 1365 2706 ><
1414 2649 1473 2711 »Et
1507 2653 1611 2710 sancti

212 2747 320 2816 patres
344 2739 495 2799 dixerunt
517 2743 630 2798 contra
653 2738 741 2797 hunc
766 2753 917 2797 errorem.
943 2736 984 2798 Et
1006 2738 1106 2798 homo
1129 2736 1237 2798 lactus
1261 2743 1312 2798 est
1335 2741 1415 2797 etc«

313 2842 334 2903 i.
363 2836 564 2902 laih-152b
588 2840 621 2903 S.
640 2839 827 2918 Augustini
862 2842 905 2900 ad
938 2839 1080 2902 Petrum
1114 2839 1301 2903 diaconum
1335 2841 1423 2904 liber
1456 2840 1498 2903 de
1533 2839 1610 2901 fide.

215 2929 431 2990 »Firmissime
455 2935 548 2990 tene«
574 2934 635 2990 etc.

314 3033 333 3092 i.
365 3027 561 3093 15212-155a
586 3031 772 3109 Dlsputata
793 3030 919 3092 Iudaei
944 3048 1024 3092 cum
1048 3030 1250 3094 Christiano
1274 3033 1368 3105 (alter
1399 3031 1529 3092 titulus:
1562 3029 1611 3090 Li-

209 3121 266 3180 ber
295 3125 407 3180 contra
437 3119 606 3192 Iudaeos),
642 3124 678 3179 ut
705 3119 842 3186 videtur,
879 3123 910 3178 in
954 3117 1019 3179 line
1059 3135 1186 3179 manca.
1228 3117 1395 3179 »Dicimus
1428 3122 1514 3179 enim
1550 3117 1610 3178 lra-

208 3212 291 3268 tres«
319 3213 379 3268 etc.

312 3311 332 3370 l.
361 3306 562 3370 isse-lsai
598 3307 784 3387 Speculum
819 3309 1040 3372 sacerdotum
1083 3313 1169 3370 circa
1204 3315 1411 3372 sacramenta
1445 3309 1607 3386 baptismi,

208 3399 422 3458 eucharistiae
446 3402 478 3457 et
501 3399 727 3475 poenitentiae.
755 3394 865 3455 »Istud
890 3401 941 3456 est
964 3396 1136 3473 speculum
1160 3399 1286 3458 nobile«
1313 3398 1346 3454 ><
1372 3395 1463 3475 »Que
1487 3395 1538 3455 hic
1555 3394 1609 3455 de·

209 3483 332 3558 ficiunt,
356 3489 387 3545 in
411 3499 539 3545 canone
562 3482 808 3566 buiusaspeculi
826 3487 1036 3561 requirantur.
1056 3482 1126 3544 Deo
1142 3489 1280 3562 gracias
1299 3483 1437 3562 Explicit
1452 3483 1515 3542 hoc
1536 3497 1609 3560 spe·

210 3571 319 3632 culum
343 3570 581 3633 sacerdotum«

311 3674 331 3736 i.
360 3669 755 3754 165⁸-260biutu1usin
779 3677 872 3732 fronte
895 3677 1032 3747 evulsus)
1066 3673 1211 3736 Antonii
1232 3671 1424 3737 Januensis
1448 3672 1518 3733 ord.
1542 3689 1609 3732 ere·

208 3765 273 3822 mit.
298 3779 326 3823 s.
350 3762 432 3839 Aug.
457 3759 560 3823 Liber
581 3759 771 3839 figurarum
795 3758 990 3821 moralium.
1017 3762 1249 3822 »Abstinencia
1267 3762 1363 3822 bona.
1388 3757 1522 3836 Castigo
1538 3775 1608 3820 cor·

208 3865 271 3928 pus
295 3865 423 3909 meum«
452 3851 482 3902 ><
510 3846 666 3926 »Explicit
689 3847 767 3908 liber
790 3845 968 3925 figurarum
1004 3849 1046 3908 ab
1070 3848 1238 3910 Anthonio
1273 3851 1478 3925 compositus
1513 3844 1608 3906 tratre

207 3935 465 3997 heremitarum«
493 3931 646 4013 Sequitur
668 3935 768 3995 index
790 3938 822 3994 in
846 3932 911 3994 fine
940 3950 1088 3996 mancus.

310 4041 464 4114 Operculis
487 4042 618 4112 adligata
641 4048 710 4096 sunt
740 4041 902 4111 fragmenta
936 4043 1092 4096 cuiusdam
1127 4042 1239 4096 codicis
1275 4044 1434 4100 membran.
1469 4039 1607 4099 hebraici.

206 4127 385 4184 Intn'nsecus
408 4129 538 4200 operculi
562 4128 721 4200 superioris
745 4133 879 4184 notatur:
907 4127 1010 4184 »Liber
1033 4127 1202 4184 monasterii
1226 4135 1253 4183 et
1276 4131 1382 4184 domus
1406 4141 1480 4182 nove
1504 4128 1609 4181 lunda-

206 4215 302 4272 cionis
325 4216 372 4272 dei
395 4214 544 4286 genitricis
569 4215 692 4285 virginis
716 4214 807 4270 Marie
831 4215 861 4270 ln
885 4213 1030 4270 Borowan
1055 4217 1267 4270 canonicorum
1297 4215 1474 4285 regularium
1498 4229 1523 4274 s,
1547 4211 1608 4266 Au-

206 4305 346 4374 gustini«
371 4301 482 4357 DeInde
506 4303 601 4357 codex
623 4303 652 4356 in
677 4302 747 4362 bibl,
771 4301 1017 4372 Rosenbergicam
1042 4301 1182 4374 pervenit,
1218 4317 1254 4356 ex
1288 4317 1347 4372 qua
1381 4303 1532 4356 restitutus
1563 4303 1608 4354 est

206 4389 383 4446 monasterio
407 4388 545 4460 praelato.

309 4556 390 4639 29⁰
823 4556 851 4634 I.
882 4557 927 4632 G.
955 4557 1016 4632 14.

204 4695 923 4778 charta.1415-17ffi190,21·5><15
957 4715 1020 4760 cm.
1056 4697 1101 4758 ob
1123 4715 1187 4758 uno
1220 4695 1336 4758 scriba
1357 4695 1515 4777 (Lipkone
1533 4695 1606 4776 ple-

205 4782 344 4846 bauain
368 4781 569 4864 Gisiebnicz)
590 4787 765 4852 exaratus,

308 4906 327 4967 l.
357 4902 477 4966 1—52b
498 4895 674 4969 Iohannis
698 4905 741 4966 de
763 4903 865 4982 Misa,
911 4903 1072 4967 canonici
1102 4904 1300 4983 Pragensis,
1346 4902 1443 4964 add.
1467 4901 1607 4966 Cunath

203 4992 334 5054 dictum
353 4991 479 5072 Capler
494 4993 552 5074 (de
573 4991 740 5069 Sulevic),
763 4992 960 5054 tabularum
982 4991 1082 5070 regni
1103 4990 1267 5054 Boemiae
1283 5005 1487 5068 supremum
1510 4994 1607 5051 nota-

884 5215 930 5265 12?
