4040 5954
1013 527 1094 585 1145

486 734 506 794 1.
535 729 903 795 1131-1221Α1111ιιᾱί
926 733 1025 794 Dicta
1048 731 1105 809 (de
1127 731 1265 793 aeribus
1292 737 1327 793 et
1342 733 1496 811 pluviis).
1524 731 1691 812 »Rogatus
1707 735 1772 794 sui·

378 825 410 878 ><
438 821 497 882 »Et
519 825 566 881 sic
590 826 641 882 est
662 818 738 881 finis
762 820 891 880 Alkindi
915 837 973 897 per
1005 818 1181 880 Andream
1215 817 1340 880 Ruczel
1374 821 1417 880 de
1451 819 1585 882 Costan
1624 826 1655 881 in
1692 824 1776 898 vigil.

378 909 516 987 Margar.
541 925 568 968 a.
597 905 679 968 1447
702 911 734 966 in
758 907 859 966 bursa
881 921 1091 983 pauperum.-

486 994 505 1055 1.
535 991 736 1054 1231-1231
759 990 862 1053 Notae
887 993 928 1052 de
952 994 1080 1070 pluviis

486 1080 506 1142 1.
537 1076 737 1141 1241-1241
764 1078 831 1139 »De
856 1079 1063 1138 revolucione
1087 1078 1199 1138 mundi
1224 1084 1256 1138 ct
1279 1078 1413 1138 domino
1437 1083 1543 1139 anni«

486 1167 507 1228 1.
535 1166 733 1228 1251-1321
756 1164 931 1227 Hermetis
955 1164 1172 1241 Trismegisti
1194 1162 1324 1226 Flores.
1376 1163 1509 1226 »Omnis
1544 1168 1675 1244 planeta
1713 1167 1776 1226 sub

379 1258 450 1316 luce
474 1255 571 1314 solis«
598 1257 631 1311 ><
658 1252 763 1312 »Finis
780 1251 897 1312 florum
914 1250 1156 1312 diviHermetis
1180 1267 1237 1327 per
1259 1250 1435 1312 Andream
1467 1253 1509 1312 de
1532 1251 1666 1315 Ceston
1690 1271 1718 1312 a.
1744 1254 1776 1312 d.

382 1340 466 1403 1447
490 1345 522 1402 in
546 1341 655 1401 studio
679 1339 889 1400 Cracovicnsi
913 1342 946 1398 in
969 1339 1070 1398 bursa
1094 1353 1303 1416 pauperum«

487 1428 506 1488 1.
539 1422 737 1487 1321-1351
775 1424 1000 1485 »Albumazar
1022 1422 1162 1485 Florum
1185 1423 1227 1484 de
1251 1423 1394 1486 domino
1417 1425 1499 1484 anni
1522 1430 1558 1486 et
1580 1426 1776 1488 eventibus.

380 1515 467 1575 Dixit
489 1514 703 1574 Albumazar:
749 1509 902 1590 Oportet«
929 1515 961 1568 ><
988 1510 1168 1588 »significat
1207 1511 1336 1571 bellum.
1383 1509 1423 1571 Et
1445 1515 1476 1572 in
1500 1513 1563 1572 hoc
1588 1517 1779 1574 terminatur

379 1618 464 1680 opus
487 1602 584 1661 huius
609 1603 776 1661 sciencia«

486 1687 507 1748 1.
537 1687 595 1747 136
618 1684 722 1746 Notae
745 1688 853 1745 variae
875 1686 1100 1761 astrologicae.

488 1773 508 1834 1.
537 1771 740 1834 1371-1421
762 1769 887 1831 Galeni
919 1768 1115 1831 Anatomia.
1166 1767 1340 1828 »Gallenos
1375 1776 1511 1831 testatur
1545 1775 1577 1832 in
1609 1777 1713 1850 tegni«
1743 1777 1769 1826 *a

384 1863 452 1921 »vel
476 1866 601 1921 tantum
626 1862 774 1920 laminas,
799 1856 892 1934 Expl.
916 1858 1105 1917 anathomia
1128 1853 1284 1915 Gabeni«

487 1946 508 2008 1.
537 1940 971 2007 142b-143bnrnoidire
995 1942 1085 2002 Villa
1107 1958 1201 2003 nova
1222 1940 1403 2004 Tractatus
1439 1944 1480 2004 de
1515 1943 1694 2006 benedicta
1727 1961 1777 2005 ar·

379 2035 463 2095 bore
486 2031 653 2110 quercina
675 2029 819 2108 eiusque
853 2029 1024 2090 fructibus
1047 2029 1090 2090 ad
1106 2028 1316 2090 Richardum
1338 2028 1443 2106 episc.
1476 2029 1777 2093 Cantuariensem.

488 2120 509 2180 1.
537 2117 738 2181 1441-1471
772 2117 948 2179 Abraham
981 2116 1079 2178 Aben
1112 2113 1201 2177 Esra
1241 2115 1302 2176 »de
1336 2114 1459 2177 diebus
1493 2117 1649 2179 creticis«
1688 2122 1777 2190 (sic).

385 2207 567 2267 »Abraham
590 2207 777 2266 Auennerre
801 2208 832 2264 in
856 2207 993 2264 tractatu
1017 2218 1080 2262 suo
1103 2202 1143 2262 de
1168 2202 1284 2262 diebus
1318 2206 1463 2262 creticis«
1494 2209 1522 2260 ><
1550 2203 1662 2282 ›Expl
1701 2206 1780 2264 liber

381 2294 571 2354 Auennerre
595 2293 635 2354 de
659 2291 871 2352 luminaribus
896 2294 964 2348 sive
989 2289 1105 2349 diebus
1121 2293 1248 2348 creticis
1276 2305 1332 2366 per
1364 2289 1539 2352 Andream
1575 2290 1701 2353 Rucael
1735 2292 1779 2352 de

381 2378 543 2441 Costen«

492 2466 511 2527 1.
541 2465 616 2526 1471
620 2463 742 2526 -1481
765 2461 868 2523 Notae
894 2462 1040 2521 medicae
1065 2467 1097 2522 et
1119 2463 1344 2538 astrologicae

489 2553 509 2613 1.
539 2551 613 2614 1491
614 2546 777 2610 -1491ι
764 2551 988 2627 »A'gorismus
1013 2550 1053 2607 de
1076 2547 1377 2626 proporcionibus«

490 2640 510 2700 1.
541 2636 738 2700 1501-1551
761 2635 907 2698 Arnoldi
930 2636 972 2696 de
988 2633 1081 2695 Villa
1104 2650 1197 2695 nova
1218 2633 1399 2696 Tractatus
1422 2637 1671 2698 astronomiae.
1710 2637 1778 2698 De

381 2727 442 2786 hiis
467 2742 530 2804 que
555 2731 706 2804 spectant
727 2724 770 2782 ad
793 2723 1010 2783 medicum..
1032 2724 1107 2781 ,vel
1131 2727 1288 2781 tractatus
1313 2721 1566 2782 introductorius
1590 2723 1632 2782 ad
1657 2725 1776 2784 iudicia

380 2817 599 2873 astronomia«
628 2815 664 2886 ><
692 2810 752 2871 ·Et
774 2814 821 2869 sic
845 2815 897 2869 est
919 2808 973 2870 1
942 2825 994 2869 ms
1017 2809 1115 2868 huius
1130 2808 1221 2867 libelli
1235 2825 1291 2884 per
1302 2807 1479 2869 Andream
1492 2808 1534 2869 de
1547 2808 1708 2871 Gustata·
1726 2858 1733 2871 .
1748 2855 1777 2870 ..

489 2899 510 2960 1.
539 2893 740 2960 1552--162b
776 2891 950 2958 Johannis
987 2893 1210 2971 Hispalensis
1249 2893 1499 2973 Quadripertiti
1536 2895 1650 2973 prima
1686 2913 1778 2973 pars.

387 2985 570 3046 »Zodiacus
594 2984 761 3044 dividitur«
791 2987 820 3037 >s-
847 2981 959 3060 »Expl
984 2985 1087 3058 prima
1111 2998 1186 3058 pars
1211 2979 1439 3059 Quadripartiti
1464 2981 1689 3060 llspalensis.«

490 3072 510 3132 1.
541 3071 615 3132 1631
638 3069 763 3130 Versus
787 3070 827 3129 de
851 3070 974 3130 viribus
997 3068 1190 3128 herbarum:
1218 3066 1419 3128 »Herbarum
1444 3069 1605 3146 quasdam
1631 3071 1777 3130 dictums

382 3175 523 3219 carmine
551 3174 636 3218 vires
641 3182 766 3218 .....

489 3245 511 3305 1.
541 3242 739 3304 1641-1671
765 3240 953 3303 ›Mirabilia
977 3239 1096 3300 mundi
1121 3241 1163 3301 de
1196 3239 1289 3301 XXII
1324 3239 1473 3318 regibus.
1509 3241 1592 3302 Cum
1629 3243 1779 3303 sublimis

383 3337 514 3394 natura«
542 3334 575 3389 ><
602 3330 661 3391 »Et
683 3333 730 3389 sic
753 3329 863 3390 linitur
886 3332 1018 3388 materia
1041 3343 1208 3404 presens«

491 3419 511 3479 1.
540 3414 741 3478 tort-169²
765 3413 868 3475 Notae
892 3418 1001 3475 variae
1024 3415 1251 3492 astrologicae.

492 3507 511 3567 1.
542 3503 741 3567 1701-1751
764 3501 851 3579 Mag.
875 3499 1016 3562 Martini
1039 3499 1143 3574 Regis
1166 3501 1234 3560 Ars
1259 3499 1500 3561 metrificandi.
1551 3501 1620 3560 »Ad
1643 3519 1780 3580 compo-

384 3597 541 3653 sicionem
566 3597 760 3652 metrorum«
787 3589 826 3666 ><
855 3587 966 3666 »Expl
990 3604 1045 3648 ars
1069 3591 1159 3647 metr.
1197 3587 1326 3648 subtilis
1349 3604 1370 3646 a
1391 3585 1479 3664 Mag.
1513 3586 1653 3648 blartino
1690 3587 1779 3666 Rege

383 3684 565 3757 composita
588 3695 645 3756 per
666 3676 841 3739 Andream
865 3676 987 3735 baccal.
1011 3674 1053 3735 de
1077 3672 1209 3734 Costan
1233 3677 1353 3751 scripta
1376 3690 1475 3754 quam
1507 3678 1557 3734 vis
1589 3691 1654 3736 non
1697 3677 1780 3736 benc

383 3771 528 3827 correcta
550 3771 625 3825 ante
648 3763 768 3824 festum
792 3761 875 3823 Galli
903 3760 1050 3840 (14)48.‹

492 3889 644 3962 Operculis
668 3887 798 3958 adligata
820 3893 891 3942 sunt
913 3885 1073 3955 fragmenta
1088 3886 1247 3942 membran.
1265 3885 1377 3940 codicis
1401 3885 1555 3940 cuiusdam
1574 3894 1684 3942 astron.
1702 3905 1779 3944 saec.

383 3977 447 4032 ΧΥ.
471 3976 514 4032 Ex
538 3977 607 4032 bibl.
632 3975 847 4043 Rosenbergica
870 3974 965 4028 codex
991 3979 1115 4029 monast.
1141 3970 1319 4027 Tiebonensi
1344 3972 1456 4042 obtigit.

489 4212 588 4294 1145
1018 4210 1072 4285 VI.
1100 4209 1140 4285 F.
1169 4211 1204 4284 3.

384 4373 491 4433 citari.
515 4391 548 4434 a.
572 4372 658 4434 1679
670 4369 714 4452 ff
738 4369 799 4431 201
826 4386 929 4444 niun„
952 4369 992 4430 21
1008 4369 1096 4430 ><16
1117 4385 1181 4429 cm.
1205 4368 1237 4428 d.
1261 4384 1305 4426 m.

488 4514 602 4570 Folium
626 4514 712 4580 tituli,
735 4514 765 4568 in
788 4527 847 4584 quo
870 4525 979 4566 nomen
1002 4511 1131 4564 auctoris
1154 4509 1244 4564 fuisse
1268 4509 1391 4576 videtur,
1415 4511 1548 4566 evulsum
1573 4517 1626 4566 est.

384 4615 622 4678 Fundamenta
659 4613 854 4691 theologiae
889 4610 1032 4674 moralis
1067 4617 1102 4673 et
1135 4609 1306 4688 regularis
1341 4609 1377 4670 in
1407 4609 1512 4672 breve
1535 4610 1783 4688 compendium

502 4720 650 4782 redacta.
675 4718 855 4799 (Praecedit
877 4718 1066 4795 protestatio
1090 4716 1250 4793 generalis
1275 4715 1352 4776 data
1375 4712 1426 4774 23.
1451 4732 1519 4792 apr.
1546 4711 1656 4792 1679).

493 4841 563 4904 Hiis
586 4843 764 4904 accedunt:

492 4946 512 5009 1.
542 4946 740 5008 1981-1991
756 4937 958 5006 'Selectiores
996 4945 1123 5020 aliquae
1163 4945 1374 5023 quaestiones
1412 4947 1444 5001 et
1482 4941 1699 5000 resolutiones
1739 4953 1784 5000 ex

386 5035 511 5096 Dianae
535 5035 689 5113 operibus
713 5031 776 5094 xli.

1059 5253 1111 5304 ⁴62
