3990 5956
881 506 944 568 706

317 711 402 794 7⁰3
664 715 733 790 IV.
761 712 803 790 E.
831 714 892 790 23.
922 729 966 790 (r.
986 728 1006 782 1.
1028 733 1051 782 r.
1070 746 1096 783 n.
1114 731 1170 793 99.)

211 836 319 897 chori.
340 852 428 899 saec.
452 835 520 898 XV
528 835 574 918 ff.
599 835 663 898 247
687 854 791 909 norm,
813 836 1023 899 21·5·><15·5
1043 855 1107 899 cm.
1130 837 1152 898 2
1176 855 1220 900 m.

209 953 528 1036 Pseudo-Dionysii
542 957 771 1036 Areopagitae
786 974 893 1036 opera
906 965 914 1028 i
922 957 949 1020 1.
959 957 1002 1020 de
1014 957 1157 1022 caelesti
1168 958 1377 1036 hierarchia,
1389 958 1420 1022 2.
1434 960 1477 1022 de
1486 957 1614 1022 divinis

211 1042 424 1120 nominibus,
458 1042 488 1105 3.
512 1045 554 1106 de
578 1044 728 1122 mystica
760 1044 945 1124 theologia,
978 1045 1008 1107 4.
1033 1045 1214 1124 epistolae,
1245 1044 1275 1109 5.
1308 1049 1351 1112 de
1373 1045 1616 1110 ecclesiastica

620 1129 829 1212 hierarchia)
853 1149 933 1194 cum
955 1132 1215 1196 commentario.

323 1232 343 1294 i.
372 1235 402 1292 l·
427 1231 573 1294 »Primus
596 1233 675 1294 liber
697 1235 881 1296 inscribitur
904 1235 945 1296 de
969 1237 1080 1298 celesti
1101 1238 1291 1314 yerarchia‹
1314 1286 1320 1298 .
1340 1285 1375 1300 ..

322 1317 343 1380 i.
368 1319 404 1380 2⁸
431 1319 608 1398 »Prologus
641 1323 823 1400 interpretis
858 1329 890 1384 et
924 1325 1200 1385 commentatoris,
1237 1322 1400 1402 Quoniam
1436 1324 1613 1403 pnidencie

212 1413 322 1467 vestre
349 1409 573 1467 severitatem«
595 1452 603 1470 .
623 1453 657 1470 ..

323 1492 345 1554 i.
369 1491 405 1553 3Ι
440 1491 666 1555 »Prohemium
701 1497 732 1554 in
767 1499 1014 1572 exposicionem
1046 1497 1198 1557 librorum
1230 1498 1261 1556 b.
1285 1495 1435 1558 Dionisii.
1459 1496 1617 1559 Contem-

214 1581 410 1658 plativorum
434 1583 575 1640 virorum
599 1584 740 1642 eximius
764 1580 794 1642 b.
820 1579 1007 1642 Dionisius‹
1030 1627 1037 1642 .
1058 1629 1091 1642 ..

324 1665 345 1730 i.
368 1667 406 1726 4·
429 1668 559 1738 (Initium
583 1665 693 1744 operis)
730 1665 855 1728 »Omne
890 1668 1003 1728 datum
1040 1668 1181 1731 bonum«
1222 1671 1353 1742 (Initium
1384 1672 1585 1730 commentarii
1595 1674 1618 1743 t)

218 1751 365 1814 »Titulus
389 1754 486 1814 huius
509 1754 638 1830 capituli
663 1759 731 1813 est«
750 1755 784 1812 ><
800 1754 820 1816 1.
845 1754 920 1816 247·
936 1758 1031 1828 (Finis
1054 1765 1152 1814 textus
1162 1759 1185 1828 z)
1204 1757 1322 1818 »divini
1339 1761 1422 1836 ignis
1438 1757 1617 1818 accendam

215 1841 403 1900 scintillas«
441 1841 535 1910 (Finis
559 1843 760 1899 commentarii
770 1853 789 1904 z)
816 1858 896 1919 »ego
920 1846 1082 1920 repositas
1105 1843 1180 1903 inde
1206 1843 1303 1906 divini
1328 1847 1414 1922 ignis
1436 1844 1618 1905 accendam

216 1927 404 1988 scintillas«

217 2120 283 2176 ῊΙ
327 2033 479 2175 {perculis
509 2033 639 2104 adligata
670 2041 740 2090 sunt
770 2035 932 2106 fragmenta
961 2037 1121 2093 membran.
1145 2037 1286 2092 librorum
1317 2039 1517 2108 liturgicorum
1541 2053 1619 2094 saec.

216 2121 255 2176 ,l
292 2119 357 2161 -'
406 2163 412 2176 .

321 2288 409 2370 7⁰4
670 2290 695 2365 I
705 2289 739 2364 V.
767 2290 812 2365 E.
840 2290 901 2364 24.
926 2307 971 2370 (Υ.
990 2307 1010 2358 1.
1031 2311 1054 2359 r.
1074 2323 1099 2359 n.
1118 2309 1173 2370 24.)

218 2413 328 2474 chart.
351 2429 438 2474 saec.
461 2409 657 2474 XIV-XV
672 2413 713 2495 ff.
735 2414 812 2490 326,
837 2413 982 2474 22><15
1002 2431 1064 2476 cm.
1088 2415 1105 2476 1
1131 2433 1176 2476 m.

217 2533 366 2596 Lectura
378 2548 485 2610 super
496 2538 646 2611 quatuor
656 2534 765 2597 libros
772 2533 1034 2597 Sententiarum
1045 2534 1138 2598 Petri
1150 2535 1337 2598 Lombardi
1349 2542 1385 2598 et
1396 2536 1620 2614 quaestiones

735 2621 881 2684 subtiles
905 2622 1104 2683 eorundem.

328 2725 348 2786 i.
368 2726 400 2786 1ι
420 2723 617 2802 »Cupientes
633 2731 693 2786 etc.
706 2725 939 2803 Presupposita
951 2729 1069 2786 noticia
1082 2732 1114 2786 et
1125 2726 1348 2788 declaracione
1365 2743 1540 2789 causarum
1553 2727 1621 2788 libri

219 2813 551 2874 sentenciaruchl.
562 2812 700 2874 326·»in
710 2812 850 2890 qualibet
859 2829 1000 2890 persona
1009 2811 1118 2873 divina
1127 2819 1204 2874 sunt
1213 2815 1399 2876 omnesalie
1410 2816 1618 2876 telamones«

327 2919 473 2992 Operculo
496 2938 593 2994 super.
608 2921 769 2990 adligatum
792 2925 837 2974 est
859 2919 1051 2990 fragmentum
1076 2919 1229 2977 cuiusdam
1247 2922 1359 2978 codicis
1375 2923 1496 2978 membr.
1508 2921 1622 2976 theolo-

219 3009 276 3076 gici
301 3021 378 3064 saec.
403 3006 481 3079 XIV,
505 3009 535 3064 in
558 3024 617 3080 quo
640 3007 801 3076 iragmento
824 3008 896 3063 haec
920 3014 990 3062 nota
1013 3009 1154 3064 occurrit:
1191 3007 1292 3064 »Wolt
1315 3008 1340 3064 ir
1369 3010 1469 3076 horen,
1509 3023 1573 3078 wye
1597 3007 1623 3063 is

218 3095 368 3164 geschach
401 3097 452 3151 der
481 3095 610 3168 Meysier
639 3094 702 3149 Hus
731 3109 768 3148 an
799 3107 872 3163 seyn
902 3095 1050 3164 predige.‹
1074 3094 1113 3149 Ut
1135 3096 1222 3150 docet
1245 3111 1466 3166 monogramma
1488 3099 1517 3150 in
1541 3109 1624 3165 oper·

219 3181 288 3235 culo
312 3195 420 3252 super,
443 3197 521 3238 saec.
546 3181 601 3238 XV
624 3182 718 3237 codex
742 3186 803 3234 erat
825 3178 865 3236 M.
889 3179 1021 3251 Procopii
1045 3180 1205 3237 Plsnensis

324 3349 408 3431 7⁰5
670 3348 740 3424 IV.
771 3347 812 3422 E.
841 3347 903 3423 25.
933 3364 978 3430 (r.
1001 3365 1038 3417 11.
1054 3368 1079 3416 5.
1099 3381 1124 3414 n.
1144 3367 1180 3425 r.)

222 3472 331 3534 chart.
355 3490 444 3534 saec.
467 3471 537 3534 XV
555 3469 655 3554 (pars
676 3489 709 3531 a.
731 3468 832 3549 1445)
842 3467 889 3550 ff.
913 3471 986 3544 121,
1009 3471 1218 3534 21·5><15·5
1238 3490 1302 3534 cm.
1325 3474 1347 3535 2
1369 3492 1413 3535 m.

330 3595 349 3654 i.
380 3591 516 3656 ΙΙΙ-96δ
550 3593 783 3674 Quaestiones
816 3590 878 3653 xii
910 3591 1080 3654 librorum
1109 3593 1369 3673 Metaphysicae
1392 3594 1624 3675 (Aristotelis)

221 3681 415 3744 secundum
440 3682 582 3743 modum
604 3679 851 3742 Parisiensem.
899 3677 1013 3741 »Circa
1046 3683 1178 3741 inicium
1210 3683 1434 3760 metaphysice
1459 3687 1622 3760 queritur«

221 3769 253 3824 Χ
281 3767 485 3848 »Expliciunt
519 3771 710 3849 questiones
744 3771 819 3840 (etc.
852 3773 888 3827 ut
918 3769 1032 3844 supra)
1067 3771 1185 3845 scripte
1216 3785 1273 3847 per
1303 3768 1550 3830 wenceslaum
1582 3769 1625 3829 de

220 3852 352 3918 Wrben
376 3857 496 3918 ibidem
521 3855 662 3916 Parisius
686 3871 715 3914 a.
743 3851 825 3916 1445
837 3858 869 3914 in
893 3854 1029 3930 collegio
1041 3858 1189 3915 nacionis
1202 3856 1350 3915 Almanie
1366 3867 1624 3916 commorantem

221 3941 311 4004 finite
336 3947 367 4004 in
390 3945 498 4021 vigilia
521 3944 674 4022 pasche«

330 4029 344 4089 i
375 4029 558 4090 972-121·
590 4029 772 4091 Tractatus
803 4028 845 4090 de
875 4043 957 4088 esse
987 4032 1024 4088 et
1052 4027 1217 4090 essentia.
1252 4026 1365 4089 »Circa
1395 4031 1527 4089 inicium
1558 4028 1626 4090 libri

222 4115 263 4175 de
288 4132 363 4176 esse
387 4123 419 4177 et
441 4120 601 4177 essencia.
627 4114 744 4177 Utrum
768 4116 898 4175 abente
923 4119 1062 4175 sumitur
1085 4131 1205 4176 nomen
1229 4119 1398 4175 essencia«
1425 4116 1459 4172 ><
1484 4114 1544 4175 ·Et
1565 4117 1626 4176 hec

223 4201 264 4262 de
290 4209 426 4263 tractatu
451 4203 491 4263 de
516 4219 592 4264 esse
616 4208 648 4264 et
671 4205 824 4262 essencia
846 4201 920 4263 doc.
945 4218 973 4260 s.
996 4205 1072 4276 (sic)
1096 4202 1182 4262 dicta
1206 4200 1403 4263 sufficiunt«

332 4307 478 4382 Operculo
509 4327 605 4382 super.
638 4310 768 4380 adligata
799 4314 844 4363 est
873 4310 1052 4392 membrana,
1075 4311 1105 4364 in
1129 4324 1187 4380 qua
1209 4309 1325 4364 calamo
1347 4310 1457 4365 ruditer
1479 4309 1626 4364 delineata

222 4407 266 4454 est
289 4399 386 4467 imago
410 4396 528 4468 Christi,
553 4398 691 4469 operculo
714 4395 795 4452 inser.
819 4394 1013 4464 fragmentum
1037 4398 1156 4452 membr.
1182 4395 1293 4452 codicis
1317 4398 1472 4452 cuiusdam
1487 4395 1626 4455 hebraici.

327 4566 411 4649 lut
677 4566 745 4640 IV.
772 4564 816 4639 E.
844 4563 907 4638 26.
938 4581 982 4644 (r.
1000 4580 1036 4632 rr.
1055 4583 1079 4631 r.
1099 4597 1124 4632 n.
1142 4581 1198 4644 55.)

223 4691 332 4752 chart.
355 4708 443 4752 saec.
467 4689 524 4752 XI
532 4689 663 4752 V-XV
671 4688 716 4770 ff.
741 4687 808 4749 175
828 4706 933 4764 num,
964 4689 1005 4752 21
1020 4687 1110 4750 ><15
1130 4705 1194 4750 cm.
1219 4688 1251 4748 d.
1275 4707 1319 4750 m.

332 4811 351 4874 i.
383 4808 421 4872 Ob
442 4816 466 4870 8ι
491 4813 607 4874 11--9ι
637 4810 812 4887 Excerpta
846 4813 889 4874 de
922 4809 1099 4874 Rationali
1134 4809 1297 4872 Guilelmi
1327 4808 1484 4870 Durandi
1514 4811 1628 4886 quoad

222 4901 330 4964 horas
353 4899 553 4962 canonicas.

212 5047 221 5056 -
333 5005 352 5066 i.
377 5000 515 5065 iia-iob
542 5002 609 5063 »De
632 5002 891 5064 obmissionibus
915 5011 947 5065 et
969 5003 1178 5080 negligenciis
1202 5005 1287 5062 circa
1311 5005 1476 5062 missam«

900 5227 946 5277 2¹81
