3972 5958
1029 511 1089 572 451

491 717 512 778 l.
535 717 722 780 48⁸-104·
751 716 800 796 (S.
834 717 1115 797 Bonaventurae)
1149 718 1331 781 Tractatus
1364 717 1406 780 de
1437 723 1574 796 septem
1604 717 1789 780 itineribus

383 804 613 867 aeternitatis.
640 803 752 880 »Eum
777 809 831 883 qui
853 810 942 866 venit
964 805 1006 866 ad
1029 822 1101 867 me«
1130 807 1162 860 ><
1188 810 1261 884 »qui
1285 811 1336 866 est
1360 809 1464 866 trinus
1488 811 1520 866 et
1542 821 1630 865 unus
1655 805 1738 867 deus
1756 811 1788 868 in

384 898 531 953 eternum
562 891 763 952 benedictus.
799 891 936 969 Explicit
966 897 1056 953 tract.
1088 893 1130 952 de
1154 909 1181 953 s.
1205 897 1224 953 i.
1249 909 1276 952 e.
1302 909 1359 970 per
1381 908 1502 953 manus
1525 897 1585 952 etc.
1610 896 1686 966 (sic)
1709 910 1738 954 a.
1755 893 1788 953 d.

387 975 470 1040 1379
493 979 609 1039 sabato
631 984 708 1057 post
731 978 812 1038 Petn'
835 985 867 1038 et
890 977 1007 1039 Pauli«
1772 1037 1778 1046 .

491 1064 511 1126 l.
540 1061 742 1125 loll—112b
764 1062 809 1125 Μ.
832 1063 976 1127 Henrici
1009 1067 1051 1126 de
1081 1063 1256 1128 Vrimaria
1284 1064 1467 1127 Tractatus
1490 1065 1533 1126 de
1555 1065 1790 1127 occultatione

384 1150 446 1213 VII
466 1149 633 1213 vitiorum
655 1151 731 1213 sive
756 1151 955 1213 mortalium
984 1157 1217 1229 peccatorum.
1244 1151 1323 1213 »Est
1343 1155 1406 1226 via,
1431 1168 1495 1232 que
1517 1151 1645 1212 videtur
1667 1153 1790 1214 bomini

385 1244 491 1300 recta«
519 1241 550 1296 ><
577 1238 735 1317 »Explicit
757 1243 846 1299 tract.
872 1239 913 1299 de
936 1245 1063 1316 septem
1090 1244 1183 1300 mort.
1208 1256 1298 1317 pecc.
1322 1239 1438 1300 Amen.
1464 1240 1608 1317 spiech.‹

492 1324 513 1386 l.
549 1323 752 1386 1131-126ι
784 1327 864 1398 (sero
900 1330 1051 1400 inscript:
1087 1324 1266 1387 Francisci
1298 1322 1518 1404 Mayronisi)
1552 1323 1792 1404 Quaestiones

385 1427 493 1489 super
513 1410 724 1473 dominicam
747 1411 952 1473 orationem.
979 1411 1039 1472 »Et
1069 1428 1144 1474 curn
1180 1417 1279 1473 oratis
1310 1417 1391 1473 etc«
1418 1413 1451 1470 ><
1480 1411 1683 1490 »Expliciunt
1705 1431 1736 1492 q.
1762 1430 1788 1474 s.

386 1499 473 1559 dom.
499 1515 607 1559 orac«

493 1583 514 1646 l.
542 1579 744 1646 l2ti¹²--11l0l
767 1587 924 1658 (anepigr.)
946 1581 1131 1662 Expositio
1154 1584 1349 1647 dominicae
1371 1583 1555 1647 orationis.
1593 1585 1705 1646 »Pater
1731 1602 1787 1647 no·

386 1676 461 1733 ster.
485 1669 569 1732 Huic
592 1675 735 1732 oracioni
757 1672 939 1732 dominice«
966 1671 998 1727 ><
1025 1689 1105 1733 »nec
1129 1688 1315 1751 percurrere
1339 1688 1435 1732 mens
1459 1675 1493 1733 in
1517 1678 1623 1733 semet
1645 1676 1719 1750 ipsa
1739 1689 1788 1733 re·

385 1775 483 1818 versa
506 1759 696 1836 prevaleat«

494 1843 515 1906 l.
551 1839 752 1906 1401-1471
780 1842 960 1907 'tractatus
991 1843 1033 1906 de
1066 1848 1147 1907 octo
1177 1843 1462 1906 beatitudinibus.
1510 1842 1654 1905 »Videris
1688 1843 1787 1907 Jesus

388 1932 520 1992 turbas«
546 1934 578 1987 ><
604 1931 735 2009 »quoad
758 1930 959 1992 delectabilia
981 1933 1079 1992 huius
1103 1931 1216 1991 mundi
1240 1936 1301 1992 etc.
1325 1930 1493 2009 Explicit«

494 2017 515 2080 l.
542 2015 743 2079 1481--153ι
763 2016 809 2078 bl.
833 2015 1009 2079 Francisci
1031 2016 1186 2080 Maronis
1203 2021 1257 2098 i:
1271 2019 1313 2079 de
1328 2017 1471 2094 Marcia)
1486 2016 1669 2080 'tractatus
1684 2033 1791 2096 super

387 2104 596 2183 symbolum.
623 2103 728 2183 »Quia
750 2105 886 2164 scienda
909 2111 1004 2166 sunt«
1030 2105 1064 2162 ><
1090 2108 1141 2166 »in
1172 2121 1238 2184 qua
1261 2105 1345 2165 beati
1369 2111 1465 2167 erunt
1486 2103 1619 2167 feliciter
1642 2105 1790 2167 collocati

386 2190 515 2252 favente
539 2190 626 2252 dom.
650 2197 764 2252 nostro
787 2189 813 2251 J.
838 2188 910 2265 Ch„
934 2195 985 2251 cui
1009 2197 1061 2252 est
1082 2198 1163 2253 etc«

494 2277 515 2339 l.
544 2275 746 2338 1532—1541‘
768 2276 802 2338 S.
825 2276 993 2339 Bernardi
1015 2277 1138 2340 Sermo
1161 2278 1203 2339 de
1227 2294 1255 2339 a.
1279 2294 1392 2340 cruce.

494 2364 515 2426 l.
543 2360 746 2426 1541-1681
768 2361 952 2441 Expositio
982 2363 1145 2444 symboli.
1180 2362 1305 2426 »Credo
1339 2367 1372 2425 in
1408 2381 1510 2424 unum
1535 2365 1654 2425 deum«
1681 2367 1714 2422 ><
1741 2373 1791 2426 »et

386 2457 544 2513 venturus
568 2452 684 2512 estad
707 2451 870 2512 iudicium.
895 2451 1034 2530 Explicit
1057 2452 1098 2512 de
1121 2452 1274 2512 articullis
1297 2456 1329 2511 et
1353 2455 1569 2511 sacramentis
1592 2451 1698 2530 (sic).‹

494 2537 516 2598 l.
545 2534 747 2599 1692-18012
777 2534 881 2598 Notae
910 2543 1036 2600 variae:
1069 2539 1109 2598 de
1140 2537 1289 2599 efficacia
1321 2538 1410 2598 verbi
1436 2537 1498 2607 dei,
1524 2537 1564 2598 de
1589 2538 1790 2616 praedicato

386 2625 486 2698 ribuS,
511 2624 551 2684 de
575 2628 724 2698 simonia,
748 2625 789 2686 de
812 2624 995 2698 mendacio
1019 2626 1060 2685 de
1077 2641 1184 2703 poena
1203 2626 1365 2702 sortilegii,
1389 2623 1430 2684 de
1447 2623 1524 2684 ludo
1540 2630 1613 2698 etc,
1630 2629 1676 2698 (in
1691 2624 1789 2698 fine:)

388 2710 429 2771 de
451 2727 573 2772 novem
595 2711 735 2784 filiabuS,
759 2727 844 2790 quas
868 2712 1019 2772 diabolus
1042 2717 1164 2789 genuit.

494 2800 528 2856 ln
550 2803 672 2870 registro
707 2807 911 2857 contentorum
945 2817 1023 2857 saec.
1057 2799 1113 2855 XV
1147 2803 1178 2858 in
1208 2801 1256 2857 lol.
1288 2800 1392 2856 ultimo
1423 2817 1483 2856 non
1518 2817 1598 2856 num.
1622 2805 1789 2874 conscripto

387 2894 490 2943 auctor
511 2886 596 2959 primi
619 2893 761 2944 tractatus
784 2888 947 2960 appellatur
968 2888 1118 2944 lohannes
1142 2890 1177 2944 de
1192 2886 1332 2944 Vibraco.
1349 2886 1503 2959 Operculis
1521 2887 1703 2958 adglutinata
1721 2894 1791 2944 sunt

387 2973 489 3044 fragm.
521 2973 639 3032 membr.
671 2976 826 3030 cuiusdam
857 2975 970 3030 codicis
1000 2990 1079 3030 saec.
1110 2973 1180 3031 XIV
1212 2990 1324 3045 argum.
1347 2975 1437 3031 theol.
1462 2975 1512 3046 (de
1536 2975 1651 3046 morte).
1674 2973 1708 3030 ln
1731 2981 1789 3032 eat.

387 3060 511 3120 Rudnic.
535 3063 631 3116 codex
654 3064 729 3132 sign.
754 3060 785 3131 L,
807 3063 828 3118 4
851 3059 1025 3132 (Nationis).

491 3227 564 3310 451
826 3228 896 3305 III.
927 3227 962 3304 C.
990 3228 1052 3304 20.
1082 3245 1127 3308 (x.
1159 3245 1230 3297 ra
1249 3261 1276 3298 n.
1294 3246 1348 3313 ar.)

388 3371 496 3434 chart.
518 3389 608 3433 saec.
629 3369 687 3432 XI
690 3368 826 3432 V-XV
833 3370 879 3452 ff.
902 3370 967 3433 267
990 3388 1094 3444 num„
1116 3370 1195 3432 295
1205 3369 1293 3432 ><22
1315 3387 1378 3431 oin.
1401 3371 1419 3432 1
1444 3387 1490 3432 m.

453 3490 608 3554 Gualteri
630 3492 769 3555 Burlaei
792 3491 941 3554 Lectura
963 3509 1068 3567 super
1093 3491 1133 3554 10
1153 3490 1263 3554 libros
1286 3491 1490 3554 lithicorum
1512 3491 1724 3554 Aristotelis.

491 3579 513 3641 l.
542 3581 572 3640 1·
597 3578 711 3641 »Circa
732 3583 863 3640 inicium
886 3580 954 3640 libri
977 3577 1166 3641 lithicorum
1189 3580 1390 3640 Aristotelis«
1411 3625 1418 3640 .
1437 3625 1470 3640 ..
1494 3578 1575 3640 Post
1608 3577 1661 3640 lol.
1694 3577 1714 3638 2
1738 3594 1790 3638 se-

388 3673 531 3746 quuntur
552 3666 573 3727 6
596 3665 649 3728 lol.
672 3683 789 3728 vacua.
812 3665 891 3727 Item
915 3672 991 3745 post
1012 3665 1034 3728 f.
1061 3665 1122 3727 186
1144 3671 1268 3727 occurit
1290 3682 1411 3744 magna
1432 3667 1550 3727 lacuna
1573 3664 1616 3727 28
1631 3665 1716 3726 loliis
1731 3681 1791 3724 va-

388 3759 469 3818 cuis,
492 3753 513 3816 1.
538 3747 616 3815 265b
642 3753 721 3814 »sed
745 3754 852 3814 solum
874 3756 984 3832 gracia
1005 3757 1157 3814 veritatis.
1182 3752 1217 3816 In
1241 3769 1308 3832 quo
1331 3755 1521 3814 terminatur
1542 3767 1673 3812 summa
1692 3755 1790 3812 totius

390 3843 458 3902 libri
482 3842 671 3902 ethicorum.
696 3838 768 3902 Deo
790 3843 947 3918 gracias«

492 3927 513 3991 1.
538 3926 737 3988 266·-267·
758 3926 917 4005 Quaestio
940 3929 1105 4005 pertinens
1128 3926 1171 3988 ad
1194 3924 1294 3987 finem
1319 3929 1410 4004 primi
1433 3924 1633 3987 Ethicorum.

492 4099 577 4181 452
836 4097 907 4174 III.
939 4096 973 4173 C.
1000 4098 1061 4172 21.
1088 4113 1134 4176 <x
1165 4112 1234 4165 rr.
1253 4129 1278 4164 n.
1297 4113 1350 4175 aa.)

390 4242 500 4304 chart.
523 4257 611 4302 saec.
635 4237 703 4300 XV
713 4237 763 4318 fs.
787 4238 861 4313 252,
882 4239 923 4301 31
938 4241 971 4295 ><
985 4238 1029 4299 22
1051 4255 1113 4299 cm.
1137 4237 1156 4299 1
1181 4255 1227 4299 m.

489 4361 587 4425 Petri
608 4359 793 4424 Lombardi
827 4359 985 4442 Quatuor
1007 4357 1085 4420 libri
1107 4359 1361 4422 sententiarum
1384 4375 1465 4421 cum
1488 4359 1638 4438 registro
1661 4357 1698 4420 in
1720 4355 1789 4420 line

390 4466 524 4512 manco.

494 4620 580 4703 453
847 4619 919 4696 III.
946 4620 996 4695 D.
1025 4618 1059 4694 1.
1087 4635 1132 4691 rx.
1162 4636 1184 4687 1.
1219 4637 1351 4700 aser.)

389 4765 500 4828 chart.
521 4780 610 4826 saec.
632 4759 831 4825 XIV-XV
844 4760 884 4843 ff.
907 4760 983 4836 178,
1004 4759 1148 4822 30)(22
1169 4777 1233 4822 cm.
1256 4759 1278 4821 2
1300 4777 1344 4822 m.

494 4887 515 4950 1.
544 4882 663 4948 1-12b
685 4888 789 4960 (temls
813 4887 884 4958 col.)
908 4881 1090 4962 Registrum
1114 4881 1354 4959 alphabeticum
1372 4881 1583 4959 sequentium
1600 4893 1736 4956 operum
1750 4875 1788 4957 (1)

389 4992 505 5038 carens
529 4977 599 5036 suis
622 4975 776 5034 numeris.

1068 5193 1116 5243 178
