4004 5966
1034 559 1097 618 262

484 768 504 828 l.
528 762 706 828 34⁸-175t
728 766 859 846 Regula
888 784 916 828 s.
940 765 1119 828 Benedicti
1152 765 1364 828 monialibus
1393 767 1557 844 adaptata
1589 783 1670 828 cum
1698 785 1774 846 per-

377 859 483 932 petuo
506 855 757 917 commentario
780 853 962 932 marginali
975 858 1011 915 et
1026 853 1204 915 nonnullis
1218 852 1350 931 glossis
1365 853 1568 915 bohemicis.
1584 852 1773 931 (Commen-

379 945 479 1002 tarius
502 942 554 1002 hic
577 945 702 1022 passim
725 945 931 1002 continuatur
952 945 984 1001 in
1008 940 1173 1001 schedulis
1197 940 1300 1001 codici
1323 940 1484 1018 inligatis).

484 1064 517 1120 In
548 1066 688 1120 schedula
718 1072 785 1137 post
816 1065 834 1120 1.
862 1065 920 1120 109
945 1070 1190 1120 commemoratur
1211 1070 1360 1135 tamquam
1384 1071 1500 1120 mortua
1525 1066 1657 1137 »Byetka
1680 1065 1773 1123 Such-

376 1150 514 1222 dolska«,
545 1168 619 1222 quae
643 1153 695 1207 luit
717 1153 854 1208 monialis
877 1154 913 1206 ad
938 1151 968 1208 S.
993 1151 1149 1221 Georgium
1172 1153 1202 1206 in
1227 1159 1323 1206 castro
1346 1150 1484 1221 Pragensi
1507 1168 1534 1208 a.
1561 1153 1768 1210 1386-1401

374 1236 503 1306 (Tomek
526 1237 563 1307 V,
589 1238 674 1309 220),
698 1241 807 1294 idcirco
830 1239 963 1294 codicem
985 1253 1037 1309 pro
1062 1241 1239 1293 monasterio
1263 1253 1287 1293 s.
1311 1237 1428 1309 Georgii
1451 1239 1623 1294 monialium
1640 1256 1664 1296 s.
1681 1240 1771 1296 Bene·

375 1325 445 1379 dicti
477 1325 666 1396 compilatum
697 1341 762 1380 esse
793 1327 992 1396 agnoscimus.
1023 1323 1079 1378 Sed
1111 1340 1180 1380 mox
1210 1327 1328 1379 devenit
1357 1326 1387 1379 in
1411 1327 1620 1381 monasterium
1643 1325 1773 1384 Bleuuo-

374 1411 485 1481 viense‚
509 1417 541 1466 ut
564 1414 724 1468 demostrat
747 1419 816 1466 nota
838 1428 927 1466 manu
951 1426 1028 1468 saec.
1052 1409 1108 1464 XV
1132 1414 1167 1466 ad
1192 1412 1302 1466 calcem
1325 1411 1344 1466 1.
1373 1413 1382 1465 1
1411 1417 1439 1466 et
1463 1412 1480 1466 2
1506 1413 1615 1468 addita.
1639 1413 1709 1469 lnde
1733 1416 1771 1469 ad

374 1513 439 1553 nos.
463 1497 505 1552 De
529 1499 630 1554 codice
654 1498 797 1569 prolixius
831 1498 956 1553 disserui
986 1500 1018 1552 in
1048 1495 1173 1552 Vistnik
1204 1480 1298 1553 Ceske
1333 1497 1429 1553 Akad.
1465 1499 1545 1554 1898
1569 1517 1598 1570 p.
1624 1500 1696 1569 209,
1720 1501 1771 1557 ubi

370 1586 458 1639 etiam
482 1587 682 1640 demonstravi
706 1592 854 1640 auctorem
876 1599 998 1655 magnae
1022 1586 1112 1655 partis
1135 1585 1225 1639 hrisse
1249 1586 1395 1655 quendam
1418 1585 1534 1640 fratrem
1558 1589 1620 1642 ord.
1636 1603 1661 1644 s.
1677 1587 1771 1643 Bene-

372 1673 443 1725 dicti
465 1673 495 1726 in
518 1677 645 1726 monast.
668 1670 824 1726 lnsulensi.

466 1837 546 1920 262
979 1840 1008 1914 I.
1037 1839 1077 1913 F.
1104 1839 1167 1913 30.
1240 1827 1249 1851 ‘

374 1976 481 2038 chart.
503 1995 591 2039 saec.
615 1977 684 2040 XV
701 1980 798 2059 (pars
819 1997 850 2040 a.
874 1977 975 2047 1477)
990 1977 1030 2060 ff.
1055 1978 1244 2054 25011111,
1267 1977 1411 2040 22><15
1432 1997 1494 2040 cm.
1518 1979 1536 2040 1
1561 1997 1606 2040 m.

480 2098 501 2158 l.
529 2094 659 2160 1·-31t
688 2099 822 2162 Aurelii
849 2099 1030 2162 Prudentii
1060 2099 1254 2162 Clementis
1291 2099 1358 2160 »De
1388 2102 1542 2161 columba
1573 2119 1632 2162 seu
1655 2101 1766 2164 Tetra-

372 2185 516 2245 stichus‹
554 2187 610 2264 (:
633 2185 858 2249 Enchiridion
888 2187 1071 2264 utriusque
1100 2186 1302 2249 testamenti
1332 2203 1411 2248 eum
1435 2188 1686 2251 commentario
1709 2206 1767 2252 co-

365 2270 642 2436 ggsssriugiirrscff
664 2278 854 2352 principium
878 2278 972 2334 istius
1002 2273 1113 2334 libelli«
1140 2275 1173 2332 ><
1200 2278 1377 2352 »sanguine
1407 2274 1550 2352 undique
1584 2277 1766 2338 maculatus

477 2462 679 2524 1.32·-47·
707 2463 893 2526 Theobaldi
926 2464 1085 2543 episcopi
1113 2463 1348 2544 Physiologus
1377 2465 1419 2525 de
1450 2465 1587 2526 naturis
1609 2463 1671 2527 XII
1693 2466 1765 2528 ani·

367 2549 509 2610 malium
533 2567 613 2612 cum
635 2551 897 2614 commentario.
924 2549 1037 2612 »Nota
1068 2551 1102 2612 In
1127 2555 1282 2630 principio
1306 2553 1374 2612 libri
1397 2556 1539 2630 quinque
1563 2559 1641 2613 sunt
1663 2557 1765 2634 inqui·

367 2635 486 2696 tenda«
513 2637 546 2695 ><
572 2636 651 2699 >Cui
682 2643 709 2697 si
740 2656 807 2699 non
837 2640 877 2698 ali
908 2640 1058 2717 placeant
1088 2644 1190 2698 metra
1214 2637 1367 2698 theboldi.
1399 2637 1537 2715 Explicit
1559 2639 1764 2718 physologus

364 2725 437 2800 ipso
456 2723 507 2782 die
530 2723 671 2784 Januarii
694 2730 819 2785 mensis
842 2743 871 2785 a.
896 2722 1040 2803 (14)77.«

473 2826 494 2886 l.
519 2821 678 2888 iil-52b
701 2828 801 2891 Index
824 2830 998 2890 lectionum
1011 2830 1051 2889 de
1063 2835 1208 2906 tempore
1232 2829 1319 2889 etde
1336 2832 1459 2889 sanctis
1475 2828 1589 2890 infine
1613 2846 1762 2890 mancus.

468 2930 489 2992 l.
510 2930 688 2993 58·-229·
710 2933 883 3012 (Hugonis
906 2931 1230 3010 Argentoratensis)
1261 2930 1514 3009 Compendium
1546 2931 1763 3012 theologicae

364 3015 536 3079 veritatis.
571 3018 740 3080 »Veritatis
770 3021 949 3098 theologice
973 3020 1174 3080 sublimitas«
1198 3021 1229 3074 ><
1243 3020 1357 3093 (rubr.)
1381 3017 1509 3078 Gaudia
1525 3019 1585 3079 des
1602 3021 1660 3080 celi
1683 3019 1762 3081 Jesu

290 3195 295 3205 ι
365 3107 417 3182 pie
440 3109 557 3184 cuique
580 3105 679 3167 fideli.
703 3107 841 3185 Explicit
863 3106 1097 3185 compendium
1121 3107 1302 3185 theologice
1325 3110 1497 3166 veritatis«

464 3206 486 3268 l.
512 3201 715 3268 229t-239·
738 3208 974 3270 auctoritates
998 3225 1026 3270 s.
1051 3208 1235 3270 doctorum
1257 3207 1538 3286 praedicantibus
1561 3209 1730 3273 utiliores.

471 3310 492 3371 l.
518 3305 719 3372 239t-250·
740 3311 873 3392 (rubric.)
900 3313 1030 3391 »Incipit
1050 3311 1224 3374 litoralia«
1250 3316 1392 3386 (atram.)
1419 3311 1612 3391 »Quoniam
1637 3329 1671 3374 ut
1687 3316 1762 3376 dicit

367 3394 505 3467 Seneca,
529 3404 714 3460 communis
737 3417 803 3460 vox
826 3406 938 3461 nature
962 3407 1030 3460 est«
1050 3401 1082 3458 ><
1102 3404 1214 3460 »cuius
1238 3402 1309 3460 sola
1332 3400 1444 3460 lruicio
1468 3403 1564 3478 plena
1587 3400 1684 3462 laciet
1698 3419 1761 3464 nos

367 3483 492 3544 beatos,
516 3484 656 3563 Explicit
679 3487 803 3547 libellus
827 3489 958 3548 moralis
981 3491 1153 3565 optimus«
1181 3486 1229 3559 (ln
1246 3504 1343 3564 opere
1367 3491 1440 3564 ipso
1456 3487 1618 3548 inducitur
1632 3487 1760 3550 Concu·

366 3574 523 3647 piscentia
546 3576 759 3650 interrogans
793 3577 845 3634 cui
869 3575 1069 3651 respondent
1091 3577 1270 3634 sententiae
1294 3574 1564 3651 philosophorum
1596 3575 1637 3634 de
1662 3576 1759 3636 beati·

365 3657 475 3717 tudine
498 3658 653 3719 humana.
678 3657 762 3720 Sunt
783 3659 981 3720 Moralitates
1003 3660 1144 3722 Roberti
1166 3659 1332 3731 Holkoth,
1363 3660 1403 3721 cl.
1438 3661 1459 3722 Ι.
1496 3659 1534 3720 D.
1563 3661 1645 3721 151.
1676 3663 1757 3731 121).

462 3760 483 3821 i.
509 3757 587 3823 259δ
611 3762 760 3841 Dignitas
783 3765 845 3824 diei
867 3765 1060 3824 dominicae.

468 3868 613 3941 Operculo
637 3886 733 3942 super.
757 3872 932 3926 intrinsecus
955 3873 1097 3943 impressa
1121 3878 1165 3927 est
1187 3874 1284 3942 imago
1308 3888 1349 3928 ss.
1373 3871 1447 3928 Petri
1471 3879 1499 3927 et
1521 3873 1655 3928 Andreae
1678 3874 1758 3944 ligno

364 3955 469 4011 incisa.
492 3957 528 4014 A.
557 3957 636 4012 1609
661 3962 754 4014 codex
779 3959 847 4014 bibl.
872 3959 1113 4029 Rosenbergicae,
1138 3961 1244 4014 deinde
1268 3966 1394 4014 monast.
1417 3957 1614 4015 Tiebonensis
1637 3961 1699 4017 luit.

456 4141 536 4224 263
966 4146 996 4220 I.
1025 4144 1064 4218 F.
1092 4146 1154 4218 31.

357 4281 465 4343 chart.
487 4301 574 4345 saec.
597 4281 667 4345 XV
674 4285 720 4367 ff
743 4286 808 4348 212
831 4304 934 4361 utrm„
957 4285 1100 4347 22><15
1121 4305 1184 4348 cm.
1202 4289 1218 4348 1
1233 4305 1277 4348 m.

469 4404 490 4465 l.
518 4405 591 4465 199·
618 4406 820 4485 »Expliciunt
849 4408 1037 4470 Sermones
1068 4406 1329 4470 dominicalium
1352 4407 1583 4486 epistolarum
1605 4407 1649 4470 lt.
1673 4407 1758 4470 Wil-

360 4491 467 4552 helmi
490 4494 725 4573 archiepiscopi
748 4493 989 4573 Lugdunensis
1014 4512 1105 4555 sacre
1131 4497 1287 4573 theologie
1304 4496 1500 4574 professoris
1518 4496 1615 4556 studii
1632 4493 1756 4558 Parisi-

360 4578 467 4653 ensiS‚
492 4584 545 4658 qui
558 4585 660 4642 eciam
678 4582 806 4660 collegit
817 4583 940 4644 librum.
958 4587 1012 4660 qui
1028 4583 1204 4643 intitulatur
1220 4582 1357 4643 Summa
1372 4587 1524 4643 virtutum
1542 4589 1573 4643 et
1586 4587 1755 4644 viciorum.

360 4664 449 4726 ldem
463 4671 565 4726 eciam
590 4669 717 4746 collegit
739 4675 771 4728 et
793 4671 977 4747 compilavit
1000 4667 1172 4730 Racionale
1197 4669 1379 4730 divinorum
1396 4669 1608 4729 officiorum«
1629 4669 1755 4742 (Finem

359 4752 448 4812 hunc
484 4770 673 4815 sermonum
708 4755 750 4815 ad
784 4755 918 4816 verbum
954 4756 1198 4833 descripsimus,
1235 4772 1434 4834 quamquam
1469 4757 1642 4816 manifeste
1673 4755 1756 4816 falsa

360 4838 455 4899 refert
478 4841 585 4900 scriba
615 4847 647 4901 et
670 4842 817 4902 diversas
840 4859 1000 4920 personas
1024 4842 1220 4922 contundit.)
1253 4843 1430 4904 Sermones
1453 4844 1485 4903 hi
1509 4847 1655 4904 instructi
1680 4851 1757 4903 sunt

353 4927 668 5092 §evrmuktissglossis
684 4929 864 4990 bohemicis
880 4930 1135 4990 interlinearibus
1152 4923 1334 5007 (Piedetne
1348 4931 1471 5008 glossy
1487 4925 1593 4991 deske
1608 4947 1626 4991 z
1642 4929 1756 4992 lronce

419 5057 427 5074 .
450 5029 529 5075 so.
549 5062 555 5074 .

1028 5241 1075 5289 108
