4040 5954
910 540 992 602 1316

247 756 347 812 Batav.
373 771 410 810 ex
434 755 552 810 cilicina
575 754 806 809 Boutestcniana
832 753 922 810 1723.
949 752 1049 808 Scriba
1073 751 1185 808 codicis
1209 751 1328 806 alterius
1351 753 1381 804 in
1404 749 1459 804 tine
1477 751 1646 805 annotavit:

251 844 316 898 »die
342 843 359 898 7
384 850 467 900 mart.
494 858 519 900 a.
549 839 663 897 1729.«
700 840 731 895 In
756 843 858 896 charta
892 840 1051 911 praeligata
1084 840 1206 910 legitur:
1255 835 1317 892 »Ex
1354 837 1435 891 libris
1470 836 1646 892 Ferdinandi

250 928 421 984 Woldrzich
446 928 471 986 J.
495 927 530 984 U.
555 927 608 984 C.«

354 1044 433 1125 &2
863 1041 1104 1118 ΗΕΒ.

248 1169 357 1230 chart.
381 1171 517 1246 ctttogr.
540 1185 628 1228 saec.
652 1163 758 1227 XVII
775 1165 812 1247 ff.
836 1166 912 1240 302,
935 1165 1110 1227 20·5><16
1131 1182 1193 1225 cm.

380 1270 547 1333 Bohuslai
569 1269 706 1333 Balbini
728 1269 762 1332 S.
785 1269 817 1332 J.
841 1269 1133 1331 Adversariorum
1157 1284 1238 1345 pars
1261 1267 1276 1328 1
1298 1284 1362 1329 seu
1384 1268 1449 1329 litt.
1474 1267 1515 1328 Α.

356 1396 394 1452 Ut
416 1405 624 1452 commemorat
646 1396 678 1453 R.
703 1395 803 1466 Ungar
825 1398 854 1451 in
878 1395 903 1450 11
927 1403 1007 1466 parte
1029 1395 1188 1450 Bohemiae
1211 1396 1316 1450 doctae
1340 1393 1532 1449 Balbinianae
1549 1408 1577 1462 p.
1597 1391 1647 1458 32,

248 1487 379 1540 secunda
401 1499 470 1554 pars
494 1484 582 1538 huius
606 1488 701 1555 operis
726 1483 849 1537 habetur
872 1483 902 1538 in
926 1482 1103 1537 bibliotheca
1131 1481 1343 1539 Strahoviensi.

355 1616 435 1697 1313
860 1616 943 1692 VII.
971 1617 1014 1692 E.
1043 1616 1103 1690 23.

252 1759 361 1819 chart.
385 1774 471 1818 saec.
495 1751 578 1817 XVI
589 1754 638 1836 ss.
662 1757 738 1830 287,
760 1757 902 1818 20><16
925 1775 985 1818 cat.
1010 1757 1028 1818 1
1054 1777 1098 1818 m.

352 1877 371 1940 1.
397 1877 537 1938 21-’20ει
564 1875 787 1938 »Encomium
811 1875 965 1938 Cornelii
987 1876 1122 1952 Mussii,
1146 1875 1302 1954 episcopi
1330 1872 1502 1936 Bitontini
1525 1889 1546 1933 a
1568 1871 1635 1932 Ber

248 1963 393 2026 nardino
416 1963 599 2025 Tomitano
623 1965 764 2025 doctore
788 1963 906 2041 lingua
928 1965 1055 2025 thusca
1077 1963 1257 2041 scriptum,
1291 1979 1312 2024 a
1335 1959 1558 2038 sigismundo
1581 1958 1647 2019 Do·

249 2051 392 2113 minatio
417 2067 438 2110 a
459 2049 595 2111 Pisnicz
617 2051 828 2112 translatum
852 2055 886 2112 et
909 2057 1078 2112 auctum.-

353 2137 372 2198 1.
397 2133 581 2198 211-1501)
629 2136 861 2214 »Sigismundi
897 2136 1090 2200 Dominacii
1124 2155 1144 2198 a
1180 2135 1318 2197 Pisnicz
1341 2133 1468 2210 equitis
1491 2129 1647 2205 Bohemi‚

249 2223 525 2287 Welessinensis
548 2223 700 2302 parochi,
724 2223 1004 2286 Declamationes
1028 2238 1149 2286 sacrae
1171 2222 1218 2283 1v
1241 2239 1348 2299 super
1363 2219 1583 2296 evangelium
1606 2218 1647 2278 de

250 2310 479 2373 suscitatione
503 2311 652 2372 Lazari«

353 2397 372 2458 1.
402 2397 601 2458 1511411171ι
631 2396 776 2458 »Contio
811 2397 928 2458 habita
961 2395 1251 2458 Florentiae...
1287 2410 1393 2471 super
1428 2391 1648 2469 evangelium

249 2486 290 2545 de
315 2486 451 2546 duobus
484 2483 667 2560 discipulis
692 2484 854 2545 euntibus
879 2483 915 2544 in
938 2482 1068 2545 Emaus
1093 2529 1100 2542 .
1126 2531 1132 2543 .
1158 2530 1165 2542 .
1188 2482 1400 2543 translatore
1424 2479 1648 2556 Sigismundo

249 2571 467 2632 Dominatio«
496 2617 503 2633 .
529 2619 535 2630 .
562 2621 567 2631 .

357 2661 417 2716 Ista
440 2664 494 2716 tria
518 2669 607 2732 opera
630 2660 720 2715 literis
752 2659 770 2718 1.
810 2663 822 2715 1
863 2661 1033 2731 praemissis
1068 2658 1276 2728 sigismundus
1310 2657 1468 2712 translator
1507 2653 1648 2725 »principi

248 2747 356 2803 Ursino
380 2747 526 2802 Gulielmo
551 2751 585 2803 de
609 2745 710 2800 Monte
734 2747 887 2815 Rosarum,
911 2747 1069 2801 Bohemiae
1094 2747 1225 2816 protegi«
1252 2743 1408 2800 dedicavit.
1448 2743 1493 2796 Ad
1518 2758 1573 2795 nos
1597 2757 1645 2794 co·

249 2837 304 2889 dex
329 2837 461 2906 provenit
485 2849 522 2888 ex
546 2835 670 2903 collegio
695 2833 724 2891 S.
750 2834 774 2890 J.
801 2835 1027 2890 Crumloviensi.

355 2966 439 3048 1314
872 2967 946 3043 VII.
976 2967 1019 3042 Ε.
1050 2967 1109 3041 24.

250 3091 437 3152 ntcmbrau.
461 3107 548 3152 saec.
579 3087 669 3152 XIII
687 3089 725 3171 ff.
748 3090 823 3163 313,
846 3089 889 3150 20
904 3099 939 3162 >c
954 3089 1000 3150 15
1020 3107 1083 3150 cm.
1108 3089 1124 3149 l
1153 3107 1195 3148 m.

611 3185 615 3196 '
702 3192 910 3254 Psalterium
936 3211 1015 3254 cum
1039 3192 1195 3254 canticis

358 3299 504 3372 Operculo
527 3315 624 3371 super.
650 3302 810 3370 adligatum
835 3309 879 3355 est
903 3300 1095 3370 fragmentum
1121 3302 1280 3356 membran.
1298 3299 1411 3354 codicis
1427 3297 1552 3365 liturgici
1570 3313 1646 3356 saec.

249 3386 327 3452 XIV,
353 3387 381 3442 in
405 3403 463 3460 quo
487 3388 651 3443 rubricator
691 3388 841 3443 bohemica
877 3389 1047 3442 annotavit.
1096 3386 1196 3442 »Such
1231 3388 1291 3441 dub
1325 3386 1461 3457 chlapom
1496 3399 1597 3456 penny
1633 3404 1650 3442 a

249 3490 374 3544 paupe«

356 3571 436 3653 1315
869 3572 944 3649 VII.
974 3573 1016 3648 E.
1044 3574 1105 3648 25.

251 3696 358 3756 chart.
383 3713 415 3756 α.
440 3695 525 3758 1678
536 3695 582 3776 ff.
606 3697 658 3765 911,
682 3696 721 3756 21
740 3696 834 3771 ><16
856 3714 918 3757 cm.
942 3698 960 3757 1
985 3715 1028 3756 m.

253 3818 398 3880 »Anima
414 3817 639 3879 historiarum
655 3816 871 3894 publicarum
889 3819 1001 3892 nostri
1018 3824 1053 3880 et
1068 3817 1306 3879 antecedentis
1325 3815 1434 3879 seculi
1451 3818 1649 3895 conscripta

249 3921 343 3966 anno
370 3902 481 3965 mro«
507 3905 599 3982 (Post
623 3909 795 3982 registrum
820 3906 969 3984 sequitur
993 3908 1106 3966 taulus
1130 3907 1240 3968 allent
1267 3904 1364 3965 »Idea
1388 3903 1651 3968 Machiavellica

250 3991 482 4068 sesquiseculi
505 3991 684 4066 Gallicani,
709 3993 740 4052 id
764 3999 831 4052 est:
857 3991 973 4054 Brevis
997 3994 1138 4071 epitome
1162 3993 1443 4053 machinationum
1468 3991 1590 4054 Galliae
1607 3994 1649 4053 ab

250 4099 277 4139 a.
307 4078 388 4139 1519
412 4095 519 4156 usque
544 4079 575 4139 in
599 4079 796 4139 hodiernum
822 4078 907 4138 diem
942 4081 1105 4140 adversus
1140 4079 1276 4140 domum
1311 4080 1537 4140 Austrtacam«
1561 4127 1567 4140 .

355 4165 373 4226 1.
399 4165 454 4226 90³
484 4165 643 4226 »Finitum
669 4183 783 4226 mense
808 4164 984 4227 Februario
1007 4185 1036 4226 a.
1053 4163 1153 4226 1678«
1168 4165 1243 4245 (alia
1261 4183 1380 4227 manus
1398 4167 1648 4245 superscripsit:

253 4269 387 4312 »mense
412 4252 528 4312 llartio
554 4271 582 4314 a.
612 4252 739 4324 ioth).

359 4343 516 4414 Exemplar
549 4361 575 4399 a.
619 4344 698 4399 1676
730 4345 852 4397 habetur
885 4341 947 4397 XII.
974 4345 1009 4400 A.
1035 4344 1063 4400 8.
1090 4343 1160 4398 »Est
1184 4342 1301 4397 fratrum
1326 4343 1443 4398 Eremit.
1469 4343 1590 4400 discalc.
1617 4343 1648 4402 S.

250 4429 375 4499 August.
400 4429 613 4500 Neo-Fragras«

356 4543 459 4626 lato
839 4544 914 4620 VII.
944 4545 985 4620 E.
1014 4547 1074 4620 ro.

251 4668 358 4728 chart.
382 4686 469 4730 saec.
492 4665 812 4746 XVII—Xis'mss.
836 4668 910 4742 110,
934 4669 1010 4730 1115
1023 4673 1055 4726 ><
1070 4670 1115 4732 16
1137 4687 1199 4730 cm.
1222 4671 1244 4732 2
1267 4689 1312 4733 m.

254 4771 551 4834 »Exercitationes
564 4773 831 4835 mathematicae
847 4773 1068 4836 continentes
1081 4775 1360 4855 horographiam,
1373 4773 1652 4850 architecturam,

251 4859 445 4936 militarem,
476 4861 629 4938 opticam
659 4867 694 4921 et
716 4860 978 4936 astronomiam,
1010 4877 1055 4922 ex
1078 4861 1230 4924 diversis
1254 4862 1462 4925 authoribus
1486 4863 1652 4924 collectae

251 4945 330 5008 aP.
353 4946 540 5009 Francisco
564 4947 705 5008 Tillisch
728 4948 761 5008 S.
784 4946 834 5009 J.«
870 4949 994 5010 Initium
1020 4949 1121 5008 deest.
1153 4949 1249 5010 8911.
1276 4955 1384 5010 textus
1409 4955 1440 5008 et
1463 4948 1499 5008 21
1529 4950 1652 5028 figurae

783 5035 909 5094 calamo
933 5037 1121 5095 delineatae.

928 5258 979 5308 503
