4004 5966
861 572 926 634 399

305 783 423 853 Utrique
447 785 538 838 asseri
573 787 685 840 codicis
716 785 915 856 adglutinatae
949 792 1019 841 sunt
1053 784 1164 842 icones
1195 783 1443 857 xylograpbicae
1478 789 1514 841 ad
1538 788 1583 858 pri

196 873 310 926 mordia
340 873 410 925 artis
439 871 642 940 impressoriae
672 871 846 929 referendae.
877 872 966 928 Priori
989 873 1074 928 icone
1096 879 1330 942 repraesentatur
1352 875 1543 928 annunciatio
1567 873 1596 928 b.

195 957 327 1028 virginis,
351 957 441 1012 altera
464 973 488 1013 s.
512 958 635 1015 trinitas.
676 959 732 1014 Sed
756 965 906 1030 utramque
930 959 1025 1030 pictor
1047 959 1166 1029 quidam
1190 959 1332 1014 barbarus
1355 966 1384 1014 et
1408 960 1598 1030 blasphemus

195 1045 326 1100 inductis
358 1043 507 1099 coloribus
541 1045 688 1100 indecoris
711 1051 739 1101 et
763 1045 879 1100 insertis
909 1046 1006 1102 verbis
1037 1045 1197 1101 bohemicis
1220 1046 1330 1102 iocosis
1353 1048 1394 1101 ita
1417 1046 1597 1114 deformavit,

196 1139 229 1186 ut
252 1131 424 1186 caricaturis
447 1130 557 1186 nostris
580 1132 793 1188 consimiliores
816 1131 876 1188 sint
905 1147 993 1203 quam
1024 1133 1201 1203 imaginibus
1231 1132 1324 1188 seriis.
1361 1131 1410 1187 Sic
1440 1136 1598 1204 depravata

195 1225 240 1272 est
264 1218 406 1288 imprimis
437 1217 504 1272 icon
536 1219 785 1286 annunciationis,
809 1220 840 1273 in
863 1235 922 1289 que
944 1218 1038 1274 Maria
1061 1221 1187 1274 occurrit
1214 1220 1336 1274 barbate
1359 1235 1426 1274 cum
1449 1221 1505 1274 hac
1528 1222 1599 1275 sub·

196 1303 355 1374 scriptione
379 1317 457 1362 saec.
481 1301 670 1362 XV-XVI:
698 1303 811 1360 »Maria
833 1305 915 1375 virgo
938 1306 1066 1376 starostij
1093 1307 1274 1361 obrodatiela
1297 1307 1461 1362 nebozatko
1485 1313 1512 1360 et
1528 1322 1598 1362 con-

196 1405 282 1446 versa
305 1397 349 1446 est
372 1389 401 1446 in
425 1392 632 1446 monachum«
665 1391 778 1462 Angelo
810 1393 897 1446 deum
927 1397 1038 1463 patrem
1070 1393 1203 1448 adoranti
1227 1393 1406 1463 adscriptum
1429 1399 1489 1449 est:
1518 1392 1598 1448 »Mili

196 1493 272 1548 pane
296 1483 367 1544 tato,
403 1478 461 1546 day
484 1493 533 1547 my
557 1479 623 1532 take
646 1495 755 1548 papu«
781 1477 925 1534 Minorem
948 1479 1155 1548 turpitudinem
1179 1493 1317 1550 perpessa
1340 1486 1384 1534 est
1407 1479 1474 1534 icon
1498 1479 1598 1546 altera,

197 1569 227 1618 in
252 1579 311 1634 qua
334 1579 369 1618 ex
394 1563 583 1634 inscriptione
607 1565 778 1634 marginali:
806 1564 905 1620 »Istud
929 1572 973 1619 est
995 1572 1098 1620 contra
1120 1565 1215 1632 iidem,
1241 1581 1301 1620 non
1324 1572 1393 1621 sunt
1416 1566 1532 1621 dicendi
1555 1566 1598 1636 pi-

197 1658 294 1705 ctores
318 1653 369 1706 sed
393 1649 527 1705 fictores«
554 1654 719 1718 edocemur,
744 1653 822 1706 unde
845 1652 892 1706 bic
916 1651 1115 1706 barbarismus
1139 1654 1295 1720 emerserit,
1321 1667 1424 1723 nempe
1448 1669 1484 1708 ex
1508 1652 1599 1708 nimio

198 1736 359 1806 imaginum
383 1737 510 1805 bonore,
534 1737 582 1792 cui
606 1744 703 1792 sectae
726 1740 871 1810 quaedam
894 1753 929 1792 eo
952 1744 1080 1808 tempore
1104 1738 1304 1808 indulgebant.

303 1902 384 1984 398
646 1904 716 1980 III.
746 1905 781 1980 A
820 1905 880 1980 13.
896 1921 941 1990 (Υ.
960 1922 982 1973 1.
1001 1922 1024 1971 4.
1047 1937 1072 1972 n.
1093 1922 1146 1984 13.)

198 2044 308 2105 chari.
331 2061 417 2106 saec.
441 2042 635 2106 XIV-XV
642 2044 689 2127 ff.
714 2046 779 2108 136
800 2064 904 2122 num„
925 2046 1068 2109 30)(22
1090 2063 1152 2107 cm.
1177 2047 1208 2108 d.
1232 2065 1276 2107 m.

308 2164 328 2226 i.
357 2160 475 2225 l-10b
498 2163 687 2226 Alexandri
719 2165 912 2244 (Achillini)
942 2166 1045 2229 Liber
1075 2168 1117 2229 de
1147 2167 1397 2246 intelligentiis.
1433 2165 1598 2230 »Summa

201 2251 234 2312 ln
258 2252 321 2313 hoc
345 2253 486 2329 capitulo
509 2258 559 2311 est
582 2259 692 2312 nostre
717 2257 928 2315 intencionis«
955 2257 987 2312 ><
1014 2253 1171 2332 »Explicit
1203 2255 1282 2316 liber
1311 2255 1349 2315 A.
1382 2254 1423 2315 de
1447 2259 1513 2328 int.,
1545 2259 1600 2332 qui

200 2339 263 2398 aiio
288 2337 387 2398 modo
411 2338 527 2398 dicitur
550 2337 751 2401 Memoriale
773 2357 891 2402 rerum
914 2339 1141 2403 difficilium«.

288 2423 307 2484 i.
336 2419 495 2485 iob-20·
518 2423 716 2487 Avicebron
727 2426 852 2488 Arabis
875 2425 979 2488 Liber
1001 2427 1042 2489 de
1054 2426 1166 2505 prima
1181 2431 1278 2504 parte
1294 2425 1495 2503 sapientiae,
1512 2443 1601 2504 quae

200 2515 257 2572 est
280 2509 428 2573 seientia
449 2511 616 2573 materiae
640 2517 675 2574 et
696 2511 837 2574 formae.
866 2513 948 2574 »Iste
972 2515 1050 2574 liber
1073 2514 1223 2575 dividitur
1245 2517 1278 2573 in
1303 2518 1446 2593 quinque
1471 2519 1599 2591 partes«

202 2599 234 2653 ><
262 2597 417 2675 »Explicit
440 2598 644 2658 Auencebrol
669 2602 844 2661 translatus
867 2602 909 2660 ab
932 2601 1062 2661 arabico
1086 2605 1116 2661 in
1141 2601 1274 2661 latinum
1298 2599 1420 2678 aMag.
1438 2599 1601 2662 iohanne

200 2682 359 2761 Hispano
382 2683 437 2762 (.-.
451 2683 667 2763 Hispalensi)
688 2733 694 2746 .
714 2736 720 2746 .
740 2733 747 2748 .
767 2691 821 2764 qui
845 2687 959 2748 dicitur
982 2687 1082 2766 (iiber
1104 2687 1145 2748 de
1171 2685 1283 2764 fonte)
1306 2686 1410 2749 vite«.
1428 2686 1530 2762 (Finis
1549 2688 1600 2748 hic

202 2770 349 2832 radendo
372 2771 483 2831 laesus
506 2775 580 2842 est.)

311 2857 333 2920 i.
356 2857 517 2918 eoi-34²
540 2857 675 2920 Alberti
696 2857 815 2936 Magni
843 2858 943 2922 Liber
973 2861 1014 2922 de
1045 2859 1172 2921 anima.
1207 2859 1275 2921 »De
1313 2863 1424 2920 anima
1465 2859 1598 2939 quidem

203 2945 386 3005 secundum
410 2944 499 3023 quod
522 2952 573 3005 est
589 2945 748 3024 perfeccio
763 2950 926 3024 corpon's«
942 2947 975 3004 ><
991 2945 1069 3008 »Hic
1092 2948 1170 3007 liber
1193 2947 1233 3007 de
1257 2950 1367 3008 anima
1390 2951 1497 3006 estex
1514 2946 1601 3006 libris

204 3031 245 3091 de
269 3035 392 3092 naturis
415 3031 601 3092 animalium
627 3033 746 3093 Aiberti
770 3031 880 3110 Magni
905 3050 992 3095 unus
1039 3058 1120 3096 ...«

310 3116 330 3176 i.
355 3113 603 3180 342-361’An.
627 3117 731 3181 Mani.
755 3118 854 3197 Torq.
878 3118 996 3182 Sever.
1020 3117 1157 3181 Boethii
1190 3117 1367 3198 Opuseula
1399 3119 1440 3180 de
1463 3123 1544 3180 ente
1568 3124 1603 3181 et

203 3219 282 3266 esse
306 3201 448 3276 (»Omne
472 3221 548 3264 esse
571 3206 623 3264 vei
647 3222 763 3284 purum
787 3213 838 3267 est
860 3211 1026 3268 existens«
1046 3209 1078 3264 ><
1099 3211 1149 3266 «et
1172 3207 1295 3280 dicitur,
1313 3206 1402 3285 quod
1419 3209 1461 3267 sit
1476 3207 1600 3266 libellus

202 3289 343 3363 Boecii‹,
379 3292 438 3351 sed
462 3298 514 3351 est
546 3290 681 3369 Aegidii
711 3291 885 3370 Romani),
921 3293 962 3354 de
993 3293 1242 3355 ebdomadibus
1273 3293 1470 3370 (»Postuias,
1502 3297 1538 3352 ut
1560 3309 1601 3353 ex

202 3377 442 3438 ebdomadibus
466 3383 605 3439 nostris«
631 3380 664 3436 ><
691 3379 847 3458 «Explicit
869 3379 1009 3440 Boecius
1033 3379 1073 3439 de
1098 3380 1385 3454 ebdomadibus«),
1408 3378 1451 3440 de
1467 3379 1602 3440 unitate

202 3470 238 3526 et
259 3480 330 3526 uno
360 3463 513 3538 (»Unitas
536 3471 587 3526 est
620 3482 686 3544 qua
715 3482 928 3546 unaqueque«
957 3467 990 3524 ><
1015 3466 1172 3546 »Explicit
1195 3466 1335 3528 Boecius
1359 3467 1400 3526 de
1424 3470 1545 3527 unitate
1571 3471 1603 3526 et

202 3555 325 3625 unos).

311 3637 330 3698 i.
354 3636 513 3699 :rb-39·
535 3637 580 3701 M.
603 3637 705 3699 Tullii
725 3637 905 3700 Ciceronis
928 3638 1109 3702 Somnium
1132 3639 1313 3718 Scipionis.

311 3724 331 3785 i.
355 3721 518 3786 391--73ι
541 3724 707 3788 Macrobii
730 3723 914 3803 Expositio
937 3725 1118 3789 Ciceronis
1142 3726 1276 3789 Somnii
1299 3725 1483 3804 Scipionis.

311 3810 330 3871 1.
342 3808 667 3887 742-78b(aneprgr.)
675 3812 840 3891 Anonymi
849 3812 1130 3876 Commentarius
1139 3812 1359 3875 inTimaeum
1372 3813 1601 3876 Platonicum.

207 3895 319 3959 »Circa
341 3898 455 3958 librum
481 3899 631 3967 Platonis,
657 3903 711 3977 qui
734 3897 870 3960 Timeus
893 3901 1093 3961 inscribitur«
1116 3903 1154 3978 ><
1173 3901 1287 3962 »sicud
1311 3902 1404 3961 alicui
1429 3905 1538 3979 potest
1560 3917 1602 3960 ex

205 3985 276 4046 aliis
299 3985 503 4064 pbilosophis
526 4002 689 4065 operere«

313 4070 333 4132 1.
366 4071 550 4134 792-1282
584 4069 752 4134 chalcidii
781 4070 818 4133 in
848 4071 1027 4134 Timaeum
1055 4073 1215 4136 Platonis
1246 4073 1517 4136 commentarius
1548 4072 1602 4148 (i.

204 4156 368 4236 Hippolyti
392 4175 492 4237 opera
515 4176 581 4220 cur.
606 4156 632 4222 J.
658 4159 695 4220 A.
721 4158 867 4220 Fabricio
891 4159 1005 4238 (1716)
1031 4177 1061 4238 p.
1085 4159 1173 4239 277.)

312 4244 333 4305 i.
351 4241 552 4306 128b-140b
565 4243 723 4306 Platonis
739 4245 900 4307 Timaeus
913 4245 1101 4325 interprete
1114 4246 1291 4310 Chalcidio
1304 4247 1349 4326 (in
1362 4247 1426 4308 fine
1440 4251 1603 4320 mancus).

204 4329 266 4410 (Cl.
291 4332 439 4393 eiusdem
463 4335 571 4411 open‘s
595 4331 774 4394 Fabriciani
799 4350 828 4412 p.
854 4333 917 4393 226
941 4333 1003 4411 sq).

291 4421 435 4494 Operculo
458 4439 555 4495 super.
580 4423 739 4492 adligatum
762 4430 807 4479 est
830 4423 930 4494 fragm.
955 4425 1114 4480 membran.
1139 4426 1293 4479 cuiusdam
1316 4423 1427 4480 codicis
1444 4421 1603 4478 Bibliorum

204 4523 283 4566 saec.
307 4505 384 4566 XIV.

309 4675 389 4758 399
653 4678 725 4753 III.
753 4679 800 4754 A.
828 4677 950 4760 liii.
969 4695 991 4751 1.
1011 4696 1034 4745 a.
1054 4711 1078 4746 n.
1101 4697 1153 4753 rr.)

205 4819 311 4880 chari.
334 4834 423 4880 saec.
445 4817 641 4881 XIV-XV
656 4819 696 4901 ff.
719 4819 772 4895 83,
795 4819 934 4882 29><21
961 4839 1023 4882 cm.
1047 4820 1070 4883 2
1091 4839 1136 4881 m.

314 4939 334 5001 i.
362 4936 482 5002 i—tilb
504 4938 758 5002 vocabularius
781 4939 912 5003 latinus
934 4939 1049 5002 dictus
1073 4939 1258 5003 Lucienus.
1286 4941 1399 5000 »Abba
1423 4945 1507 5001 sicut
1530 4940 1607 5000 dicit

205 5028 336 5106 glossa«
369 5031 412 5101 ><
446 5027 604 5106 «Explicit
635 5027 799 5089 Lucienus
834 5045 891 5106 per
924 5045 1043 5088 manus
1078 5027 1153 5105 (sic)
1200 5028 1311 5089 linitus
1357 5027 1496 5088 sabbato
1531 5032 1606 5104 post

883 5253 931 5301 155
