4004 5966
896 569 959 631 298

224 785 315 837 currit
338 798 444 838 nomen
467 784 651 853 possessoris
677 783 840 838 »Iohannis
870 784 906 838 de
930 779 1114 852 Nepomuk«‚
1148 781 1229 851 quod
1252 779 1389 834 monachi
1411 775 1625 844 Tlebonenses,

224 869 334 939 quibus
358 873 452 926 codex
477 877 580 940 postea
603 869 717 940 obtigit,
741 869 859 940 propria
888 884 977 923 manu
1012 883 1036 925 s.
1071 867 1215 923 Iohannis
1249 864 1448 937 Nepomuceni
1482 864 1623 933 scriptum

226 971 292 1010 esse
316 955 362 1026 pie
386 962 652 1027 praesumpserunt,
677 962 708 1011 ut
732 959 820 1011 docet
842 955 944 1010 titulus
968 955 1150 1010 extrinsecus
1174 953 1311 1024 operculo
1335 951 1546 1022 adglutinatus.

333 1122 413 1205 296
841 1123 869 1198 Ι.
900 1122 944 1197 G.
972 1121 1033 1196 20.

227 1264 338 1325 chart.
361 1282 394 1324 α.
417 1263 506 1324 1725
514 1263 562 1344 ff.
585 1263 652 1325 155
675 1259 975 1344 (Σο-12651111.)
1005 1278 1110 1335 nuru„
1131 1261 1274 1322 2u><15
1293 1277 1356 1322 cm.
1379 1260 1397 1322 1
1423 1277 1468 1321 m.
1503 1256 1631 1335 Magna

224 1352 312 1430 pars
334 1351 425 1411 tituli
446 1350 562 1411 eorrlsa
585 1354 642 1424 est,
666 1350 726 1412 sed
750 1353 827 1410 cu'ru
851 1349 1091 1410 characterum
1114 1347 1256 1426 vestigia
1279 1349 1313 1408 iu
1326 1345 1418 1425 sotio
1436 1344 1631 1426 praeligato

230 1437 366 1498 inuersa
388 1436 565 1516 supersint,
579 1435 691 1514 facile
713 1436 907 1498 restituitur
929 1439 958 1496 u
980 1439 1028 1496 est
1050 1435 1122 1496 hic:

335 1555 430 1617 Liber
453 1555 521 1618 Xll.
546 1559 770 1637 complectens
793 1560 948 1634 copiosas
972 1555 1206 1636 Quaestiones
1240 1571 1280 1617 ac
1303 1556 1453 1634 desuper
1486 1551 1629 1615 Resolu-

230 1643 423 1706 tiones...
447 1649 587 1720 patrum
609 1643 824 1722 generalium
846 1659 887 1704 ac
910 1641 1134 1704 visitatorum
1156 1643 1323 1704 collectus
1357 1658 1399 1703 ac
1420 1641 1530 1703 altera
1551 1639 1630 1701 vice

230 1729 429 1807 descriptus
452 1747 516 1807 per
537 1729 572 1792 F.
597 1731 763 1794 Carolum
785 1725 945 1792 Pisedzki
967 1728 1140 1791 cartusiae
1158 1728 1395 1791 Waldicensis
1418 1727 1630 1805 professum.

335 1833 355 1895 f.
379 1829 416 1893 3b
439 1839 484 1908 (in
507 1837 563 1893 fine
586 1838 775 1909 praefationis
799 1839 837 1892 ad
869 1837 1029 1892 confratres
1060 1836 1259 1906 cartusianus)
1295 1830 1437 1910 »Scripsi
1468 1849 1497 1894 a.
1535 1827 1629 1896 1725.

231 1937 298 1998 quo
321 1937 408 1981 anno
432 1925 463 1982 in
488 1921 600 1983 charta
621 1922 750 2000 capituli
773 1921 934 1999 generalis
959 1920 1150 1981 mandatum
1166 1919 1240 1981 fuit:
1265 1917 1304 1979 D.
1322 1917 1460 1982 Carolus
1481 1913 1627 1978 Piseczki

233 2011 373 2067 vicarius
396 2007 496 2068 vadat
518 2007 560 2068 ad
585 2007 720 2069 domum
745 2005 964 2070 Gidlensem.‹

336 2113 438 2170 Codex
462 2115 510 2170 hic
532 2131 599 2170 cum
623 2120 773 2186 sequente,
796 2129 855 2184 quo
878 2115 951 2168 liber
973 2113 1008 2172 Π.
1033 2116 1207 2180 continetur,
1232 2120 1260 2168 et
1282 2129 1350 2168 cum
1370 2114 1436 2168 cod.
1453 2109 1517 2170 XII.
1534 2111 1569 2169 D.
1591 2111 1626 2167 17

231 2203 269 2256 ad
293 2202 441 2272 quandam
473 2201 675 2258 collectionem
699 2201 837 2257 maiorem
861 2207 1004 2271 spectant,
1028 2215 1115 2270 quem
1138 2199 1205 2258 Car.
1229 2198 1353 2272 Pisecky'
1375 2214 1428 2270 pro
1445 2196 1628 2254 Cartusianis

233 2287 367 2346 confecit.

338 2453 417 2534 297
850 2455 879 2530 l.
910 2456 955 2531 G.
981 2453 1044 2528 21.

233 2594 343 2656 crau.
366 2612 400 2655 a.
424 2593 641 2657 moa-1718
651 2594 699 2676 ff.
723 2595 788 2657 158
811 2593 1058 2678 (11311211),
1081 2593 1256 2657 rasura
1277 2611 1339 2656 cm.
1362 2594 1381 2656 r
1407 2613 1453 2656 m.

343 2715 458 2776 ‚Liber
480 2715 523 2778 Il*
547 2718 769 2796 complectens
793 2725 901 2796 partes
933 2716 1118 2778 sex-Pars
1146 2714 1168 2777 I.
1192 2714 1351 2793 Epistola
1380 2725 1415 2779 et
1445 2715 1632 2778 instructio

232 2819 298 2882 pro
321 2802 465 2864 novitiis
489 2804 563 2864 ord.
586 2801 679 2866 Cart.
715 2804 860 2866 authore
883 2802 1034 2865 Henrico
1057 2802 1099 2865 de
1122 2801 1319 2865 Cosvaldia.
1351 2803 1429 2864 Pars
1451 2802 1487 2866 ll.
1518 2802 1632 2881 Colly-

234 2889 325 2951 rium
348 2889 565 2950 instabilium
588 2894 735 2953 authore
757 2891 944 2952 Ambrosio
966 2889 1075 2952 Maes.
1095 2890 1173 2951 Pars
1195 2889 1243 2952 lll.
1267 2890 1429 2969 Excerpta
1452 2907 1494 2950 ex
1518 2907 1632 2950 manu-

236 2981 364 3054 scriptis
399 2977 512 3038 libellis
550 2977 591 3037 de
629 2978 811 3038 stabilitatis
849 2981 882 3038 in
906 2978 1005 3038 domo
1036 2976 1251 3055 professionis
1285 2981 1429 3038 materia.
1476 2976 1554 3038 Pars
1577 2975 1630 3038 lV.

232 3062 389 3141 'lorpedo
411 3063 684 3125 chrIstIanorum
705 3063 1010 3141 impoenitentium
1033 3066 1178 3125 authore
1200 3061 1347 3125 Matthia
1367 3063 1519 3126 Mittner.
1553 3063 1633 3124 Pars

234 3149 274 3214 V.
296 3149 485 3228 Speculum
506 3150 699 3213 modestiae
722 3149 952 3214 Cartusienae
975 3151 1120 3212 authore
1143 3149 1276 3212 eodem.
1296 3150 1374 3211 Pars
1386 3148 1438 3214 Vl.
1460 3149 1634 3222 Excerpta

235 3253 281 3298 ex
303 3235 491 3299 Academia
514 3236 726 3299 Cartusiana
748 3239 894 3299 authore
917 3238 1041 3299 eodem
1068 3271 1100 3280 -
1129 3237 1284 3298 collectus
1307 3243 1339 3298 et
1362 3242 1502 3316 scriptus
1520 3243 1632 3317 partim

237 3323 383 3384 Gemnici
409 3328 523 3402 partim
546 3323 696 3384 Waldicii
717 3341 854 3402 ...per
876 3323 910 3385 F.
936 3323 1101 3385 Carolum
1122 3317 1280 3385 Piseczki
1295 3324 1384 3398 (finis
1401 3325 1479 3385 tituli
1498 3325 1633 3386 evulsus

237 3415 310 3483 est).
335 3409 428 3479 (Pars
451 3409 473 3476 1.
497 3409 588 3472 finita
611 3409 759 3472 Gemnici
782 3411 812 3474 8.
833 3412 891 3488 jul.
920 3409 1011 3474 1706.
1036 3427 1111 3488 pars
1135 3411 1170 3472 ll.
1194 3411 1313 3472 ibidem
1352 3411 1399 3475 15.
1430 3412 1501 3473 dec.
1541 3410 1632 3484 1706,

238 3513 313 3575 pars
336 3496 387 3558 lV.
417 3496 464 3558 17.
489 3505 581 3558 mart.
610 3497 690 3558 1712
715 3497 874 3570 Waldicii‚
898 3515 974 3575 pars
997 3495 1035 3556 V.
1060 3497 1178 3558 ibidem
1206 3497 1232 3558 1.
1256 3515 1323 3576 apr.
1359 3496 1450 3571 1712,
1481 3496 1533 3562 Vl.
1558 3515 1633 3576 pars

236 3583 384 3644 Gemnici
408 3583 461 3648 28.
484 3601 552 3662 apr.
580 3583 686 3659 1708.)

341 3685 362 3751 1.
390 3686 559 3748 136-158
581 3686 806 3750 Ordinarium
829 3704 893 3750 seu
915 3687 1029 3749 forma
1051 3703 1114 3765 pro
1144 3687 1295 3765 capitulo
1325 3687 1479 3766 generali
1502 3685 1634 3749 ordinis

239 3772 478 3836 Cartusiensis
502 3820 510 3836 .
535 3821 541 3832 .
568 3821 574 3834 .
599 3774 812 3852 descriptum
835 3790 856 3835 a
878 3773 912 3838 F.
937 3773 1062 3837 Carolo
1085 3773 1243 3837 Piseczki
1265 3778 1421 3835 vicarium
1445 3779 1477 3835 in
1494 3777 1635 3834 cartusia

223 3860 382 3934 ,Paradisi
406 3862 437 3924 b.
461 3859 499 3922 V.
524 3859 567 3922 M.
592 3878 692 3941 prope
717 3860 910 3922 Dantiscum
934 3879 995 3922 seu
1017 3859 1190 3922 Gadanum
1213 3879 1243 3924 a.
1270 3859 1362 3935 1718,
1387 3877 1461 3922 cum
1486 3862 1634 3938 catalogo

239 3951 477 4027 provinciarum
503 3955 534 4008 et
557 3948 729 4008 domorum
755 3948 823 4008 ord.
848 3947 1070 4010 Cartusiensis
1100 3952 1264 4008 annotatis
1295 3952 1390 4009 annis
1422 3947 1632 4008 fundationis.

339 4054 374 4110 In
397 4056 447 4112 fol.
472 4057 610 4127 operculo
634 4071 731 4127 super.
756 4057 885 4126 adligato
909 4057 1006 4112 scriba
1022 4056 1221 4126 necrologium
1241 4055 1432 4112 celebriorum
1448 4056 1634 4126 quorundam

239 4141 480 4198 Cartusianorum
504 4143 688 4214 conscripsit.
712 4141 797 4198 Initio
821 4145 894 4214 part.
919 4141 940 4199 1.
979 4144 1107 4214 adligata
1130 4150 1175 4198 est
1198 4144 1314 4214 sculpta
1347 4145 1445 4212 imago
1485 4141 1632 4197 cartusiae

236 4227 563 4300 Gertrudenbergensis.
587 4228 818 4300 'tCollectionis
849 4231 936 4284 huius
966 4231 1073 4286 librum
1096 4228 1132 4288 X.
1157 4244 1190 4286 v:
1214 4227 1276 4284 XII.
1301 4228 1335 4286 D.
1365 4229 1411 4286 17.
1437 4227 1631 4284 Collectionis

239 4317 326 4370 buius
348 4316 453 4371 librum
476 4314 540 4372 XII.
562 4332 597 4370 v:
621 4315 643 4374 l.
660 4315 695 4373 G.
721 4317 771 4373 20.
794 4315 838 4371 Ex
861 4317 990 4372 cartusie
1013 4317 1195 4373 Waldicensi
1218 4316 1268 4386 (i).

343 4501 424 4582 298
859 4504 889 4579 I.
919 4503 964 4577 G.
991 4503 1052 4576 22.

239 4641 349 4702 chart.
372 4657 458 4702 saec.
482 4639 550 4702 XV
563 4641 605 4724 ff.
628 4642 690 4704 101
716 4661 817 4720 uum„
840 4644 1018 4706 21·5><15
1038 4663 1101 4706 cru.
1125 4645 1142 4706 1
1168 4663 1213 4706 ru.

343 4760 532 4823 Sermones
563 4763 652 4824 varii
683 4763 738 4836 (de
770 4765 978 4826 confessione
1010 4774 1042 4826 et
1071 4771 1276 4845 poenitentia,
1310 4782 1368 4844 pro
1399 4764 1572 4837 defunctis
1597 4765 1637 4825 de

239 4864 338 4909 sacro
361 4849 449 4909 cultu
472 4849 597 4910 dierum
621 4848 790 4920 festorum,
815 4852 856 4912 de
880 4857 1074 4930 purgatorio
1099 4853 1358 4914 dehonorandis
1375 4851 1573 4931 parentibus
1598 4851 1638 4912 de

241 4936 479 4996 immortalitate
503 4939 641 5008 animae,
665 4954 723 5014 pro
747 4937 911 4999 defunctis
941 4945 1001 5000 etc.
1026 4947 1086 5003 etc.
1132 4975 1174 4983 -
1218 4938 1386 5018 Opuscula
1416 4941 1497 4999 haec
1529 4941 1639 5016 potius

243 5023 433 5083 tractatulos
456 5039 555 5102 quam
580 5039 754 5084 sermones
778 5025 928 5100 diceres).

921 5251 965 5300 131
1510 5237 1536 5288 θ’
