4046 5972
923 585 965 645 45

349 791 406 874 42
849 791 877 866 I.
909 795 956 867 A.
984 793 1046 866 32.

246 933 355 996 chari.
378 949 410 994 α.
435 929 517 994 1451
536 930 576 1013 ff.
602 931 652 1003 71,
676 931 715 993 ll
731 931 819 994 ><28
841 949 904 994 cm.
930 934 948 994 1
974 949 1018 994 m.

311 1053 591 1118 constitutiones
614 1052 803 1116 Clementis
827 1072 858 1132 p.
879 1053 906 1116 V
930 1069 1010 1115 cum
1032 1059 1201 1132 apparatu
1224 1053 1397 1116 lobannis
1421 1055 1587 1115 Andreae.

356 1142 377 1202 l.
405 1143 435 1202 l·
454 1143 527 1222 (lnc.
545 1160 645 1216 appar.
657 1139 678 1217 z)
707 1139 891 1202 »lohannes
907 1145 1092 1218 graciosum
1111 1141 1173 1201 hoc
1190 1158 1328 1201 nomen«
1348 1147 1408 1200 etc.
1426 1143 1500 1213 (inc.
1517 1144 1647 1211 textusz)

252 1229 464 1308 ›lJ)ohannes
487 1232 664 1305 episcopus
699 1227 822 1289 Servus
853 1243 1023 1288 servorum
1056 1227 1107 1287 dei
1137 1228 1261 1288 dilectis
1292 1227 1365 1287 fillis
1400 1227 1588 1287 doctoribus
1611 1231 1644 1286 et

249 1317 428 1377 scolaribus
451 1319 612 1374 universis
636 1314 777 1376 bononie
800 1315 1098 1375 commorantibus«
1125 1321 1185 1375 etc.
1211 1317 1243 1370 ><
1266 1314 1287 1374 i.
1313 1309 1368 1373 71b
1391 1316 1488 1392 (Expl.
1513 1331 1612 1386 appar.
1623 1315 1645 1386 :)

252 1401 390 1464 »Natura
412 1418 489 1461 vero
513 1407 670 1462 naturans
700 1418 774 1462 cum
804 1401 845 1459 ad
877 1402 960 1460 illam
992 1401 1170 1461 redibimus
1202 1418 1258 1478 per
1293 1405 1562 1461 intercessionem
1587 1402 1647 1458 vir-

248 1494 331 1568 ginis
361 1489 500 1566 gloriose
530 1503 593 1549 nos
616 1488 752 1548 collocet
782 1503 856 1546 cum
874 1488 983 1548 electis
1000 1487 1116 1548 Amen.
1144 1487 1220 1548 1451
1248 1485 1450 1550 Lconardus
1472 1485 1644 1546 Hubner.‹

357 1578 475 1634 Schulte
498 1578 564 1647 (Die
587 1592 693 1634 canon.
723 1577 873 1633 Handsch.
904 1593 932 1648 p.
958 1577 1013 1646 23)
1044 1578 1109 1634 cod.
1142 1583 1274 1633 nostrum
1296 1584 1408 1649 praeter
1437 1591 1497 1632 rem
1521 1590 1648 1630 comme-

250 1675 343 1722 morat
365 1667 439 1720 inter
462 1664 501 1720 M.
526 1663 557 1721 S.
583 1664 668 1719 »libri
690 1663 764 1719 sexti
788 1663 933 1718 Bonllacii
955 1662 1052 1719 VIII.«
1077 1662 1110 1718 ln
1140 1679 1236 1735 opere.
1261 1663 1342 1720 inler.
1375 1663 1551 1719 intrinsecus
1576 1663 1649 1716 haec

250 1759 319 1808 nola
342 1752 484 1808 occurrit:
512 1749 587 1805 »Iste
609 1751 682 1806 liber
704 1757 748 1806 est
771 1749 940 1806 monasterii
964 1749 993 1804 in
1025 1749 1134 1805 ilorbos
1165 1749 1303 1820 (Forbes)
1334 1766 1415 1820 prag.
1451 1749 1562 1806 dioces.
1597 1751 1650 1803 do-

252 1845 338 1894 natus
360 1853 412 1910 per
434 1837 579 1908 egregium
603 1840 752 1892 doctorem
792 1837 944 1892 dominum
968 1835 1178 1892 Wenceslaum
1202 1839 1238 1891 de
1262 1838 1442 1907 Budways.«
1490 1835 1523 1890 ln
1547 1849 1647 1904 opere.

250 1941 345 1996 super.
379 1923 555 1979 intrinsecus
586 1925 769 1994 agglutinata
798 1924 908 1978 scheda
940 1922 1130 1979 Sadeleriana
1152 1927 1333 1979 demonstrat
1356 1923 1488 1980 codicem
1513 1939 1539 1979 a.
1569 1921 1648 1976 1609

251 2013 339 2068 luisse
364 2011 433 2068 bibl.
458 2009 700 2082 Rosenbergicae.

354 2177 413 2260 43
859 2177 888 2252 l.
917 2177 963 2252 A.
990 2179 1051 2254 33.

252 2319 439 2382 membran.
463 2335 496 2379 a.
520 2317 606 2379 1388
616 2315 662 2398 ff.
685 2317 760 2391 227,
782 2317 825 2379 34
839 2317 925 2378 XM
948 2335 1007 2379 cm.
1031 2319 1049 2379 1
1075 2336 1120 2380 m.

377 2439 530 2502 'rhomae
554 2440 596 2500 de
620 2439 757 2517 Aquino
781 2439 945 2502 Summae
968 2439 1184 2517 theologicae
1207 2439 1320 2519 prima
1342 2439 1525 2500 secundae.

359 2526 381 2588 l.
410 2528 439 2586 1·
465 2525 595 2604 »Incipit
617 2527 764 2588 secunda
788 2543 863 2605 pars
888 2543 1017 2588 summe
1053 2528 1213 2604 theologie
1249 2527 1333 2587 edite
1364 2543 1385 2586 a
1407 2525 1502 2586 lraire
1524 2523 1587 2585 Th.
1612 2524 1652 2582 de

252 2615 312 2692 Aq.
338 2613 422 2692 Quia
445 2617 529 2674 sicut
552 2611 781 2674 Damascenus
806 2614 909 2674 dicit«
937 2617 969 2672 ><
993 2613 1013 2674 i.
1038 2613 1116 2674 227·
1163 2613 1366 2691 »Expliciunt
1388 2612 1528 2690 capitula
1552 2614 1652 2688 prime

252 2705 352 2780 partis
375 2699 511 2760 secundi
535 2700 603 2760 libri
626 2699 731 2760 iratrls
754 2698 882 2761 Thome
907 2701 947 2761 de
971 2701 1131 2778 Aquino«

360 2786 381 2848 i.
404 2783 483 2846 227ὴ
506 2787 607 2860 (manu
632 2791 763 2846 eiusdem
787 2793 900 2846 scribae
924 2791 1135 2856 rubricatumz)
1163 2785 1274 2847 »Liber
1290 2789 1477 2847 monasterii
1495 2783 1528 2846 S.
1546 2783 1650 2861 Egidii

252 2877 483 2936 canonicorum
521 2874 713 2950 regularium
752 2878 783 2934 in
821 2873 998 2952 Witignaw
1021 2875 1102 2935 alias
1126 2877 1157 2935 in
1180 2872 1333 2934 Trzebon
1356 2877 1566 2949 comparatus
1598 2886 1654 2948 per

253 2962 378 3109 rlrgggles
402 2959 554 3020 dominos
578 2959 618 3020 de
643 2959 844 3038 Rosemberg
867 2965 989 3039 primos
1013 2965 1116 3039 ipsius
1140 2963 1327 3022 monasterii
1352 2959 1543 3020 lundatores
1567 2975 1597 3017 a.
1622 2957 1653 3018 d.

359 3137 396 3194 A.
425 3136 505 3193 1609
529 3138 623 3192 codex
646 3144 708 3192 erat
740 3137 811 3194 bibl.
835 3137 1066 3208 Rosenbergicae
1089 3135 1299 3205 Tiebonensis,
1324 3137 1429 3190 deinde
1452 3136 1557 3190 iterum
1589 3149 1652 3188 mo·

255 3223 376 3280 naslerii
398 3223 528 3295 praelati.

358 3389 419 3472 44
863 3391 893 3466 I.
922 3391 968 3466 A.
996 3392 1056 3466 34.

255 3533 362 3596 chari.
385 3547 473 3593 saec.
497 3530 566 3592 XV
584 3550 630 3594 ex.
642 3532 690 3614 ff.
713 3532 787 3606 524,
810 3533 951 3594 30><21
976 3551 1040 3594 cnr.
1065 3534 1083 3593 Ι
1108 3549 1152 3592 ru.

340 3651 514 3716 iohannis
538 3655 580 3715 de
601 3653 763 3716 Hisdinio
786 3653 933 3717 Lectura
955 3653 1033 3716 sive
1054 3652 1201 3715 Postilla
1215 3669 1322 3729 super
1343 3652 1471 3714 librum
1491 3650 1569 3714 Job.

365 3739 385 3801 l.
414 3738 445 3797 1·
471 3739 774 3802 »Reverendissimo
798 3746 829 3802 in
853 3739 983 3803 Christo
1007 3744 1086 3818 patri
1121 3757 1159 3800 ac
1184 3740 1214 3799 d.
1240 3739 1270 3798 d.
1295 3738 1438 3800 Guidoni
1462 3738 1503 3798 de
1520 3737 1656 3798 Boionia

255 3829 306 3889 del
330 3825 538 3906 providencia
561 3833 716 3906 episcopo
740 3828 909 3889 Portuensi
933 3835 964 3888 et
999 3833 1208 3887 sacrosancte
1244 3825 1335 3886 Rom.
1371 3825 1457 3886 Eccl.
1493 3823 1655 3886 Cardlnali

256 3916 351 3976 irater
383 3913 410 3976 J.
446 3913 487 3974 de
517 3913 641 3976 H...«
677 3917 709 3971 ><
739 3914 760 3976 i.
784 3915 862 3976 524·
896 3919 990 3992 »qula
1012 3919 1044 3974 in
1069 3915 1120 3974 illa
1143 3914 1358 3974 translacione
1383 3915 1586 3988 corriguntur
1609 3928 1656 3971 er-

257 4017 378 4063 rores«.

364 4091 396 4147 In
420 4093 549 4162 margine
572 4093 684 4162 passim
706 4092 824 4162 glossae
855 4093 970 4148 bohem.
1002 4106 1128 4146 coaevae
1152 4091 1211 4160 (ex.
1244 4105 1286 4160 gr.
1325 4086 1343 4146 i.
1362 4089 1412 4157 80,
1437 4088 1487 4142 ubi
1511 4087 1659 4156 glossator

256 4186 385 4250 exoptat,
409 4187 441 4236 ut
465 4180 621 4235 inducatur
643 4179 896 4250 archiepiscopus)
919 4185 1085 4234 occurrunt.
1116 4176 1149 4232 ln
1172 4177 1264 4231 fronte
1287 4176 1305 4232 l.
1337 4177 1370 4230 i:
1418 4174 1529 4228 »Istum
1553 4175 1658 4228 librum

256 4267 335 4322 dedit
358 4282 409 4337 pro
433 4267 613 4322 monasterio
637 4265 667 4322 S.
691 4265 782 4320 Marie
805 4271 833 4320 et
856 4265 886 4322 S.
911 4263 1008 4320 Caroli
1032 4267 1062 4319 in
1086 4263 1169 4318 Nova
1192 4263 1283 4333 Praga
1300 4262 1440 4319 Nicolaus
1457 4264 1553 4316 dictus
1577 4259 1658 4315 Flas-

257 4361 338 4410 calor
371 4355 407 4408 de
429 4352 515 4409 Telcz
546 4369 573 4409 a.
602 4353 712 4411 1520.«
738 4353 806 4408 Alia
838 4367 944 4407 manu:
988 4350 1048 4406 »Ex
1079 4351 1160 4406 libris
1193 4351 1336 4405 canoniae
1360 4347 1559 4404 Carloviensls
1584 4345 1660 4402 Neo·

257 4440 395 4510 Pragae.«

361 4607 418 4688 45
863 4605 894 4682 Ι.
923 4608 969 4682 Α.
996 4609 1058 4682 35.

258 4749 365 4810 chart.
388 4765 475 4810 saec.
497 4746 537 4809 X
541 4747 568 4808 V
575 4747 620 4830 ff
644 4748 718 4820 302,
742 4748 785 4810 29
799 4750 885 4809 ><22
907 4767 971 4809 cm.
995 4748 1026 4809 d.
1052 4765 1097 4808 m.

366 4869 387 4932 l.
415 4863 546 4931 1·-96t
569 4866 739 4946 (Mauricii
760 4869 878 4948 Angli)
902 4867 1151 4931 Distinctiones
1174 4865 1415 4945 exemplorum
1438 4863 1521 4926 novi
1545 4872 1580 4926 et
1602 4881 1663 4925 ve-

256 4957 344 5018 teris
365 4955 569 5020 testamenti
591 4957 782 5018 secundum
805 4956 963 5018 ordinem
986 4953 1169 5033 alphabeti.
1208 4954 1440 5014 »Abstinencia
1475 4959 1526 5012 est
1560 4956 1662 5013 meriti

259 5049 521 5122 augmentative«
553 5047 580 5100 Κ
606 5047 725 5120 (zelus)
753 5051 805 5104 »ut
829 5049 1077 5123 persequeretur
1099 5043 1305 5102 christianos.
1330 5041 1400 5100 Act.
1430 5040 1496 5099 ll«

947 5271 973 5317 ll
