4004 5966
916 473 975 535 321

246 687 278 744 et
301 699 389 744 unus
415 683 499 743 deus
523 686 554 744 in
578 689 726 744 eternum
751 681 953 743 benedictus.
978 681 1093 743 Amen.
1118 681 1257 760 Explicit
1273 681 1351 742 liber
1374 682 1404 742 d.
1430 698 1458 743 s,
1482 688 1502 744 i.
1526 703 1554 745 e.
1579 685 1651 747 fini-

247 773 300 830 tus
323 769 380 833 ler.
403 773 528 848 quintu.
553 768 647 830 Liber
669 768 760 830 Bone
783 775 931 842 venture,
965 769 1016 828 alii
1041 769 1161 838 dicunt.
1187 768 1276 846 quod
1301 773 1343 829 sit
1366 769 1548 848 solempnis
1573 773 1652 834 doc-

248 859 325 916 toris
350 856 391 916 de
416 855 611 934 Erphordya
635 861 855 934 cognomento
879 856 919 915 de
944 853 1139 916 infirmam«
1166 859 1227 928 (sic
1241 855 1273 929 1).

356 959 377 1022 i.
402 955 588 1022 94b-108b
610 959 655 1022 Μ.
678 959 822 1021 Heanci
853 960 896 1022 de
924 957 1054 1021 Hassia
1075 957 1258 1020 Tractatus
1282 959 1325 1019 de
1347 960 1559 1023 discretione
1582 963 1652 1040 spi-

248 1045 388 1108 rituum.
421 1045 533 1108 »Sicut
562 1051 594 1109 in
626 1045 835 1126 philosophia
864 1051 974 1107 motus
998 1051 1030 1106 et
1052 1049 1285 1123 operaciones«
1312 1047 1346 1106 ><
1371 1050 1650 1126 »inpossibilitatis

248 1133 340 1195 lreno
364 1151 465 1213 posse
490 1137 646 1195 retineri«

353 1239 501 1312 Operculo
524 1255 619 1310 super.
645 1239 805 1309 adligatum
829 1245 874 1294 est
896 1239 1030 1293 bilolium
1054 1240 1216 1294 membran.
1241 1241 1353 1296 codIcIs
1370 1244 1536 1314 cuiusdam,
1560 1250 1593 1299 ut
1607 1244 1652 1298 vi·

249 1329 333 1384 delur
354 1327 516 1400 Hymnarii,
540 1341 618 1384 saec.
642 1325 720 1384 XIV.
744 1325 767 1380 E
790 1331 917 1383 monast.
942 1325 972 1383 S.
998 1325 1142 1384 Coronae.

353 1509 425 1592 313
855 1511 884 1586 Ι.
914 1511 959 1586 G.
987 1511 1071 1586 421).

251 1651 438 1713 ntembron.
465 1668 552 1714 saec.
575 1649 663 1712 XIV
675 1651 715 1734 ff.
739 1651 791 1724 86,
804 1651 844 1712 21
860 1654 892 1708 ><
905 1652 950 1713 15
970 1669 1033 1713 cm‚
1058 1654 1075 1712 1
1102 1669 1145 1712 tn.

358 1772 378 1834 i.
408 1767 528 1834 1-65b
550 1772 584 1834 S.
608 1771 874 1836 Bonaventurae
897 1772 999 1835 Liber
1016 1775 1057 1834 de
1071 1777 1206 1850 septem
1219 1773 1405 1836 itineribus
1421 1775 1650 1838 aeternitatis.

254 1857 423 1932 »Omnem
447 1864 501 1938 qui
524 1863 614 1920 venit
636 1860 678 1920 ad
702 1877 773 1920 me‹
799 1861 832 1917 ><
860 1860 920 1920 »ad
944 1877 1043 1940 quam
1068 1860 1204 1921 domum
1228 1864 1405 1922 eternitatis
1440 1879 1503 1924 nos
1534 1864 1653 1942 perdu-

250 1953 311 2013 cat.
336 1951 389 2028 qui
413 1953 464 2007 est
488 1953 619 2007 eternus
643 1952 675 2007 et
697 1963 784 2006 unus
808 1946 891 2006 deus
915 1950 948 2007 in
972 1952 1119 2006 eternum
1144 1948 1338 2008 benedictus
1362 1948 1447 2008 deus
1472 1967 1529 2010 rex
1553 1967 1653 2029 ange-

251 2035 365 2106 lorum,
389 2037 443 2114 qui
466 2037 546 2093 vivit
568 2039 628 2097 etc.
652 2033 836 2112 Expliciunt
858 2038 972 2093 itinera
995 2037 1172 2094 eternitatis
1196 2034 1333 2095 Amen«

358 2137 380 2198 i.
403 2134 565 2198 eea-86¹³
592 2137 761 2217 »incipitur
783 2138 870 2212 liber,
906 2142 960 2215 qui
985 2138 1100 2198 dicitur
1132 2136 1320 2214 Speculum
1336 2139 1650 2217 contemplacionis

251 2223 410 2304 (Gerardi
432 2223 730 2302 Zutphaniensis).
755 2223 876 2285 Beatus
899 2229 956 2297 vir,
980 2228 1074 2284 cuius
1105 2229 1156 2285 est
1178 2226 1332 2285 auxilium
1349 2227 1410 2286 abs
1433 2231 1482 2287 te«
1509 2229 1543 2284 ><
1569 2227 1652 2288 »Ex-

252 2313 337 2389 plicit
359 2312 437 2372 llber
460 2313 805 2390 contemplativus...
832 2311 942 2372 finitus
980 2328 1037 2388 per
1070 2327 1189 2372 manus
1223 2311 1358 2374 Nicolai
1391 2314 1588 2392 presbyteri
1619 2319 1650 2374 in

252 2401 357 2476 vigilia
380 2415 406 2461 s,
430 2397 590 2458 Valentini
613 2397 698 2458 XVII
722 2399 785 2459 kal.
809 2397 940 2459 hiaret«
966 2397 1095 2470 (Eidem
1113 2399 1273 2475 opusculo
1295 2400 1368 2458 alibi
1385 2402 1585 2461 inscribitur:
1610 2402 1652 2462 de

252 2484 306 2546 Vll
329 2485 484 2564 gradibus
508 2489 639 2558 amoris,
664 2485 704 2545 de
728 2486 948 2563 spiritualibus
971 2486 1251 2560 ascensionibus)

356 2591 459 2648 Codici
483 2590 553 2646 olim
578 2593 735 2646 adiunctus
758 2597 820 2646 erat
843 2590 1004 2660 Catalogus
1028 2591 1167 2645 abbatum
1192 2598 1320 2648 monast.
1345 2592 1375 2647 S.
1401 2591 1545 2661 Coronae,
1570 2601 1602 2648 ut
1621 2595 1650 2648 ln

253 2679 271 2736 i.
296 2671 353 2734 86²³
377 2695 465 2734 manu
489 2695 565 2734 saec.
590 2676 672 2732 XVII
695 2685 829 2742 notatur:
860 2680 911 2731 sed
942 2679 990 2732 hle
1013 2693 1091 2732 nunc
1124 2678 1314 2733 desideratur.
1360 2678 1499 2734 Eiusdem
1523 2687 1651 2737 monast.

253 2767 348 2822 codex
372 2765 433 2834 luit,
459 2773 615 2836 antequam
640 2766 678 2819 ad
702 2781 757 2819 nos
784 2766 923 2836 pervenit.

355 2951 439 3033 32⁰
866 2950 895 3025 I.
929 2949 972 3024 G.
1001 2951 1062 3023 43.

253 3095 361 3156 chart.
384 3109 472 3154 saec.
496 3089 583 3152 XIV
594 3088 643 3169 ff.
667 3091 721 3165 89,
743 3093 782 3152 21
801 3089 920 3153 xil-5
940 3107 1002 3150 cnr.
1031 3090 1044 3150 l
1072 3108 1115 3150 m.

360 3213 381 3276 i.
410 3209 529 3274 l--54b
552 3215 711 3286 (anepigr.)
739 3208 915 3272 Historiae
960 3209 1100 3272 Veteris
1134 3209 1359 3272 Testamenti.
1404 3213 1530 3274 »Adam
1555 3219 1652 3276 unico

254 3303 340 3364 lacto
364 3318 426 3362 suo
450 3300 552 3360 multa
575 3305 710 3377 peccata
733 3302 916 3359 commisit«
943 3311 976 3367 ><
1002 3303 1053 3358 »et
1075 3298 1116 3358 de
1139 3295 1333 3359 Nichanoris
1358 3305 1503 3362 exercitu
1520 3318 1654 3379 percus-

254 3395 367 3450 serunt
388 3385 479 3448 XXV
503 3387 631 3447 millia«.

361 3509 381 3571 l.
405 3505 567 3570 bib—89⁸
589 3509 747 3581 (anepigr.)
777 3503 1005 3568 Narrationes
1040 3508 1259 3583 exemplares
1283 3511 1319 3568 et
1341 3507 1586 3584 persuasoriae
1610 3508 1654 3569 ad

253 3595 522 3660 instructionem
544 3593 820 3673 praesidentium
843 3592 880 3652 in
901 3593 1052 3669 thronis,
1089 3598 1193 3671 prout
1215 3592 1441 3655 continentur
1474 3592 1509 3654 in
1542 3595 1653 3672 gestIs

253 3689 436 3764 potentum
459 3681 516 3744 vel
540 3680 749 3759 sapientum.
773 3678 930 3754 (Titulum
954 3681 1042 3741 hunc
1065 3697 1083 3739 e
1107 3685 1274 3758 prooemio
1290 3683 1519 3758 sumpsimus).
1546 3680 1654 3760 »Quo-

253 3777 340 3834 niam
364 3767 587 3832 misericordia
610 3774 642 3828 et
664 3771 784 3827 veritas
807 3767 998 3828 custodiunt
1022 3785 1150 3844 regem«
1192 3769 1223 3825 ><
1265 3765 1337 3827 »Sic
1372 3783 1448 3826 caro
1473 3766 1652 3845 llagellisa

254 3857 414 3921 libidine«.
439 3855 629 3930 (Dimidium
653 3854 706 3918 fol.
730 3855 888 3923 ultimum,
913 3853 967 3914 ubi
991 3855 1203 3914 verisimiliter
1233 3860 1301 3914 erat
1329 3855 1500 3913 conclusio
1534 3859 1652 3932 operis,

254 3948 421 4008 abscisum
445 3949 519 4018 est).
544 3941 628 4003 Sunt
650 3941 790 4003 Roberti
812 3940 941 4019 Holgot
964 3939 1181 4002 Moralitates
1205 3956 1232 4002 s.
1257 3939 1463 4018 scripturae.

356 4069 390 4124 ln
413 4069 506 4124 fronte
529 4067 548 4122 s.
576 4067 609 4122 1¹²
632 4067 705 4122 haec
728 4072 799 4121 nota
822 4067 965 4120 occurrit:
996 4065 1142 4120 »Libellus
1176 4066 1288 4120 domini
1323 4063 1428 4120 Jacobi
1463 4065 1573 4136 (cetera
1607 4081 1654 4121 ra-

255 4159 352 4214 dendo
375 4157 471 4212 deleta
493 4155 577 4225 sunt)
600 4155 656 4209 sibi
680 4155 865 4223 singulariter
888 4158 1004 4223 propter
1026 4153 1165 4208 historias
1189 4153 1346 4208 dilectus«.
1379 4151 1422 4207 Ex
1445 4159 1572 4210 monast.
1597 4153 1655 4208 Bo-

255 4259 420 4300 rovanensr.

358 4413 427 4492 321
862 4408 891 4482 J.
924 4408 967 4483 G.
995 4409 1056 4482 ll.

363 4553 457 4615 Liber
480 4557 566 4632 typis
590 4567 746 4619 excusus,
771 4555 822 4611 cui
846 4551 897 4610 hic
921 4551 1031 4610 titulus
1055 4555 1125 4609 est:

362 4674 540 4736 Hermanni
575 4671 808 4734 Nitzschewitz
837 4669 967 4732 Novum
1002 4673 1116 4732 beatae
1147 4669 1269 4732 Mariae
1300 4675 1433 4750 virginis
1456 4672 1654 4750 psalterium.

255 4761 358 4824 Zinna
391 4760 479 4841 apud
510 4760 714 4841 hlagdeburg
743 4758 857 4834 (1492)
885 4753 922 4818 4⁰
951 4756 1015 4838 (Cf.
1046 4759 1140 4820 catal.
1170 4762 1278 4820 incun.
1304 4757 1445 4837 typogr.)
1467 4757 1551 4819 Huic
1575 4759 1655 4817 libro

255 4850 396 4928 adligata
419 4853 497 4909 sunt
519 4848 680 4926 opuscula
710 4847 849 4907 diversis
873 4847 1026 4908 manibus
1050 4863 1136 4908 saec.
1161 4843 1222 4904 XV
1245 4862 1296 4906 ex.
1321 4848 1372 4906 vel
1395 4844 1468 4908 XVI
1491 4850 1532 4906 in.
1557 4849 1589 4905 in
1613 4843 1656 4906 98

257 4935 288 4998 it.
312 4951 401 4998 num.
426 4939 556 5014 scripta,
580 4952 665 5014 quae
689 4939 887 5012 sequuntur:

933 5157 980 5206 139
