4004 5966
895 550 957 612 207

331 753 351 818 i.
379 754 582 816 190⁸-192·
603 754 684 817 Vita
707 772 736 818 s.
760 755 968 820 catherinae
1000 757 1268 824 Alexandrinae.
1301 761 1368 823 Fol.
1408 760 1484 823 191s
1518 780 1626 826 vacuo

220 840 305 902 alius
329 842 437 903 scriba
460 846 568 921 posuit
599 843 761 922 quasdam
795 848 892 905 notas
928 844 1023 907 theol.
1060 851 1091 906 et
1124 851 1236 908 tertius
1270 847 1395 909 addidit
1429 849 1624 930 decalogum

223 927 432 990 bohemicum
456 927 692 1004 (zliesatero
716 925 813 992 bodie
835 925 1060 1008 piilraizanie).

332 1033 511 1092 intrinsecus
534 1037 663 1108 operculi
687 1053 783 1109 super.
808 1041 934 1094 occurrit
957 1039 1029 1095 haec
1053 1047 1140 1096 nota:
1168 1041 1255 1100 »Rex
1278 1045 1323 1098 vir
1342 1057 1418 1112 mag.
1437 1043 1544 1100 Jaksso
1569 1051 1627 1100 tes-

223 1121 421 1178 lamentaliter
442 1123 548 1192 legavit
571 1123 677 1195 librum
701 1125 780 1180 hunc
802 1139 854 1194 pro
878 1127 1003 1181 ecclesia
1026 1128 1188 1196 parochiali
1201 1127 1231 1183 in
1244 1127 1451 1200 Zywohosst«.
1477 1130 1513 1186 A.
1541 1131 1622 1188 1609

222 1212 317 1265 codex
341 1209 410 1266 bibl.
434 1210 675 1281 Rosenbcrgicae,
700 1211 804 1267 deinde
828 1213 996 1268 monasterii
1020 1212 1215 1270 ‘liebonensis
1238 1216 1301 1272 luit.

325 1393 413 1475 2⁰4
829 1396 857 1472 I.
886 1397 930 1472 Ε.
958 1399 1019 1473 19.

220 1535 329 1597 chart.
352 1553 438 1598 saec.
461 1532 657 1598 XIV-XV
664 1535 711 1618 ff.
740 1537 813 1614 128,
836 1538 975 1600 29><21
1001 1556 1063 1599 cni.
1087 1541 1105 1600 1
1131 1557 1175 1601 m.

328 1661 487 1732 (anepigr.)
510 1657 692 1736 Expositio
716 1658 937 1736 evangeliis.
962 1658 1147 1722 iohannis.

329 1761 349 1824 l.
378 1763 410 1822 1³
437 1761 542 1822 »Ecce
565 1763 717 1840 intelliget
740 1779 857 1823 servus
882 1781 995 1824 meus«
1022 1765 1056 1823 ><
1083 1761 1160 1827 128b
1207 1772 1369 1844 expositio
1411 1771 1512 1831 ultimi
1536 1775 1622 1850 capi-

220 1849 275 1908 tuli
299 1853 539 1928 interrumpitur
561 1849 612 1910 his
636 1850 761 1910 verbis:
789 1851 897 1928 »quod
921 1856 1031 1912 autem
1055 1851 1176 1912 dictum
1200 1859 1267 1913 est:
1293 1859 1340 1916 sic
1364 1873 1439 1917 eum
1463 1859 1538 1918 volo
1555 1875 1622 1918 ma-

220 1951 296 1997 nere
321 1935 427 1997 donec
451 1941 469 1998 i.
493 1954 520 1997 e.
546 1937 664 2011 diem«,
688 1943 796 1997 cetera
819 1937 1045 1998 desiderantur
1067 1937 1142 1998 lolio
1161 1939 1279 2001 ultimo
1303 1947 1425 2004 exciso,

327 2059 372 2114 Ex
395 2068 523 2120 monast.
546 2059 737 2118 Tlebonensi.

322 2246 405 2328 2⁰5
823 2249 851 2323 I.
880 2250 923 2325 Ε.
950 2251 1011 2326 20.

217 2389 326 2450 chart.
349 2406 436 2450 saec.
460 2386 530 2450 XV
536 2388 584 2471 ff.
607 2388 682 2464 190,
706 2390 848 2454 30><21
872 2409 935 2454 cm.
960 2394 978 2453 l
1002 2412 1047 2453 m.

326 2510 347 2571 l.
376 2506 534 2572 1⁸-181b
557 2511 705 2574 Postilla
727 2516 767 2574 de
791 2513 923 2575 sanctis
947 2513 1115 2590 (Miliciii)
1138 2515 1262 2575 Folium
1287 2516 1404 2576 initiale
1428 2516 1552 2577 codicis
1575 2522 1621 2578 vi-

218 2597 312 2656 detur
334 2614 410 2658 esse
435 2597 455 2659 i.
484 2596 553 2669 120,
578 2603 610 2659 in
634 2603 729 2659 cuius
751 2600 857 2661 fronte
888 2606 1019 2662 notatur
1051 2618 1240 2681 possessor.
1287 2601 1332 2662 lbi
1370 2602 1479 2663 codex
1502 2608 1549 2664 sic
1573 2608 1618 2665 in-

216 2687 308 2762 cipit:
336 2684 536 2746 »Ambulans
559 2684 657 2745 Jesus
681 2689 772 2748 iuxta
796 2704 884 2748 mare
909 2686 1063 2749 Galilee«.
1109 2687 1175 2749 Sed
1213 2695 1379 2766 praeterea
1402 2695 1434 2749 et
1456 2690 1518 2750 alia
1541 2689 1618 2755 lolia

218 2769 365 2832 ordinem
389 2788 487 2831 suum
511 2775 700 2844 amiserunt,
724 2779 759 2834 ut
782 2773 802 2835 s.
828 2773 878 2834 70.
903 2773 1047 2836 Titulum
1071 2776 1245 2836 hausimus
1276 2792 1318 2836 ex
1341 2780 1549 2854 inscriptione
1574 2782 1619 2841 ul-

217 2861 284 2918 timi
309 2863 471 2918 sermonis
495 2862 526 2920 in
550 2859 570 2920 l.
599 2859 676 2920 178:
704 2862 835 2938 »Incipit
861 2862 989 2938 postilla
1021 2863 1062 2923 de
1096 2865 1354 2924 annunciacione
1386 2863 1416 2923 b.
1453 2867 1616 2940 virginis«

326 2961 346 3023 i.
375 2958 561 3025 181b—190
583 2967 655 3036 (alia
679 2983 768 3022 manu
778 2969 799 3038 :)
824 2964 973 3043 (Milicii)
1008 2966 1197 3028 Sermones
1221 2965 1291 3026 duo
1314 2966 1513 3044 synodales,
1537 2984 1618 3044 quo·

216 3063 287 3108 rum
311 3051 421 3128 incipit
443 3051 538 3110 alter:
566 3049 782 3111 »Sacerdotes
806 3057 1075 3131 contempserunt
1097 3055 1200 3131 legem
1225 3069 1362 3126 meam«
1388 3055 1483 3114 alter:
1511 3053 1618 3116 »Grex

217 3135 362 3214 perditus
386 3136 494 3198 lactus
518 3142 569 3197 est
592 3138 733 3215 populus
759 3155 884 3198 meus«

325 3259 363 3316 Ut
386 3268 504 3317 notatur
526 3263 556 3316 in
580 3261 673 3317 fronte
694 3261 715 3318 i.
744 3264 814 3332 120,
839 3267 933 3319 codex
957 3271 1017 3319 erat
1040 3265 1188 3335 quondam
1212 3265 1382 3320 monasterii
1408 3263 1616 3322 Trebonensis.

320 3446 403 3528 206
821 3449 852 3523 J.
880 3449 924 3524 Ε.
951 3448 1012 3523 2l.

214 3585 323 3648 chart.
345 3604 433 3649 saec.
456 3585 525 3648 XV
543 3588 581 3669 ff.
604 3588 680 3665 166,
700 3587 841 3654 30><21
867 3607 929 3652 cm.
951 3590 970 3650 1
996 3609 1041 3652 m.

321 3710 494 3772 Johannis
519 3710 765 3790 chrysostomi
788 3711 1020 3774 Homiliarum
1056 3711 1092 3773 in
1128 3711 1342 3775 Matthaeum
1375 3721 1493 3791 partes
1528 3716 1617 3778 duae

214 3810 315 3876 (opus
338 3797 589 3876 imperfectum),

324 3920 427 3978 Codex
451 3922 521 3981 bibl.
546 3923 789 3993 Rosenbergicae,
813 3925 880 3979 dein
904 3932 1030 3981 monast.
1054 3923 1250 3980 Tiebonensis
1273 3925 1335 3981 luit.

317 4109 399 4191 2⁰7
817 4109 847 4183 I.
876 4109 918 4183 E.
946 4109 1007 4183 22.

212 4249 321 4312 chart.
342 4269 431 4313 saec.
454 4248 522 4311 XV
540 4251 637 4331 (phars
656 4249 757 4328 1412)
770 4248 819 4328 ss.
842 4250 902 4312 211
930 4269 1031 4324 num„
1053 4251 1098 4312 30
1111 4255 1141 4307 ><
1153 4251 1193 4313 21
1218 4269 1281 4313 cm.
1305 4253 1337 4316 d.
1360 4271 1405 4314 m.

321 4373 340 4434 i.
370 4369 713 4435 12-36bnnshe1mi
743 4373 946 4451 archiepisc.
982 4372 1247 4436 Cantuariensis
1289 4379 1363 4448 (seu
1394 4379 1503 4453 potius
1539 4375 1611 4437 Ho-

212 4459 303 4521 norii
324 4459 670 4538 Augustodunensis)
693 4458 919 4522 Elucidarius.
945 4461 1104 4538 Prologus
1127 4466 1252 4540 incipit:
1281 4459 1414 4541 »Sepius
1438 4468 1571 4540 rogatus
1595 4479 1614 4522 a

212 4546 463 4625 condiscipulis«
491 4549 523 4604 ><
550 4553 600 4608 »et
622 4548 736 4608 videas
773 4548 860 4609 bona
893 4547 1075 4608 Jerusalem
1107 4549 1261 4609 omnibus
1299 4549 1415 4609 diebus
1446 4553 1510 4609 vite
1548 4555 1612 4610 tue.

212 4633 326 4694 Amen.
351 4633 491 4712 Explicit
514 4651 598 4713 opus
622 4635 792 4695 Anshelmi
820 4639 994 4714 episcopi«

319 4755 339 4818 i.
362 4752 527 4818 372-51b
549 4754 731 4818 Tractatus
754 4747 959 4835 superive
983 4758 1092 4820 maris
1115 4758 1227 4820 stella.
1278 4758 1406 4819 »Petisti
1440 4775 1460 4818 a
1494 4775 1547 4818 me
1580 4762 1612 4818 in

211 4839 340 4904 Christo
364 4842 498 4904 dilecte«
524 4845 556 4900 ><
582 4850 634 4904 »et
657 4849 727 4904 sine
751 4844 817 4905 line
840 4861 916 4905 cum
940 4846 993 4906 iilo
1015 4845 1169 4922 gaudere.
1194 4846 1310 4907 Amen.
1335 4844 1474 4923 Explicit
1496 4850 1614 4905 tracta·

211 4939 263 4990 tus
287 4930 327 4990 de
349 4947 475 5008 ympno
499 4931 569 4990 Ave
592 4935 691 4991 maris
716 4932 905 4992 stella...«
934 4932 1013 4993 »Hic
1037 4937 1168 5011 ponitur
1189 4933 1260 4992 Ave
1284 4936 1383 4993 maris
1419 4932 1512 4992 stella
1546 4949 1612 4992 me-

212 5021 304 5078 trice«
330 5017 363 5090 (7
387 5033 506 5078 versus
529 5018 675 5091 hexam.)

892 5243 924 5291 77
