4046 5972
900 559 959 620 165

329 763 401 846 164
832 763 861 841 I.
889 766 939 841 D.
967 765 1029 840 24.

223 940 331 1004 chari.
354 943 384 1002 el
407 940 595 1003 membran.
608 955 694 1004 socc.
716 938 773 1002 XI
778 937 881 1000 V-X
887 937 914 998 V
926 938 966 1020 ff.
989 938 1161 1014 240330><
1174 937 1218 1000 22
1240 955 1303 999 cin.
1328 939 1345 998 i
1371 955 1415 998 m.

486 1094 579 1159 Petri
602 1093 788 1159 Lombardi
812 1095 971 1175 Quatuor
991 1095 1071 1157 libri
1094 1093 1359 1157 sententiarum.

326 1217 347 1280 i.
376 1218 386 1278 l
415 1220 487 1297 (alia
510 1223 629 1288 manat>
657 1215 848 1280 »Sentencie
872 1221 1111 1280 sentenciarum
1154 1217 1270 1277 breves
1294 1233 1352 1294 pro
1376 1217 1538 1277 intellectu
1555 1231 1622 1276 ma·

224 1309 394 1368 tertarum«
422 1305 646 1384 (zquoddam
671 1309 865 1383 registrum).

327 1425 347 1487 i.
372 1421 528 1486 2⁸-245t
550 1425 677 1488 Textus
706 1425 957 1487 Sententiarum.

327 1585 412 1657 Operi
436 1585 649 1643 Sententiarum
683 1586 874 1657 praeligatum
906 1592 951 1640 est
981 1584 1174 1655 fragmentum
1198 1583 1384 1638 instrumenti
1407 1583 1488 1655 publ.
1513 1583 1623 1638 notarii

222 1673 356 1729 Andreae
386 1676 537 1744 quondam
567 1673 640 1728 Petri
671 1675 706 1728 de
736 1671 835 1728 Jawor
864 1675 899 1728 de
926 1687 953 1729 a.
982 1671 1072 1743 1390,
1096 1685 1156 1742 quo
1181 1670 1322 1726 Nicotaus
1346 1671 1382 1724 de
1405 1668 1562 1740 Wymaria
1586 1669 1622 1724 ab

222 1759 348 1816 Henrico
372 1762 407 1815 de
430 1759 553 1815 leenaco
576 1767 747 1831 procurator
769 1761 965 1816 constituitur.
990 1757 1091 1813 Codex
1104 1771 1183 1812 saec.
1200 1755 1255 1812 XV
1272 1763 1399 1814 monast.
1415 1755 1623 1822 Tiebonensis,

222 1848 329 1902 deinde
353 1846 423 1902 bibl.
447 1847 677 1917 Rosenbergicae
701 1845 856 1901 etiterum
881 1852 1007 1900 monast.
1031 1843 1153 1916 praelati
1179 1843 1244 1900 luit.

325 2099 399 2184 tos
823 2099 852 2174 r.
880 2099 929 2174 a.
957 2099 1039 2196 25„

222 2277 332 2339 citari.
355 2292 442 2338 saec.
467 2275 517 2337 xi
524 2271 661 2336 V—-XV
668 2274 714 2356 ff.
738 2274 811 2352 274,
834 2273 975 2336 30><2i
1001 2291 1063 2336 cnr.
1086 2274 1119 2336 d.
1143 2292 1187 2334 m.

329 2433 349 2494 i.
378 2427 529 2493 1·-147δ
552 2430 656 2506 (Galli
678 2431 813 2494 abbatis
836 2447 932 2495 coen.
956 2431 1067 2493 Aulae
1088 2430 1253 2509 Regiaei)
1283 2429 1513 2508 Maiogranati
1536 2429 1624 2490 liber

224 2519 360 2582 tertius.
384 2519 488 2599 (Initio
512 2524 543 2580 in
559 2518 580 2580 l.
608 2521 618 2579 l
648 2526 680 2579 et
702 2518 736 2579 2·
758 2521 938 2580 absolvitur
960 2520 1039 2579 liber
1060 2519 1231 2579 secundus
1249 2520 1379 2578 —ideo
1403 2517 1509 2578 codex
1533 2533 1623 2576 man·

224 2623 285 2668 cus
309 2613 423 2668 est-
447 2610 558 2684 incip.:
587 2603 763 2666 »Desidero
787 2610 890 2666 eciam
916 2610 1007 2676 scire,
1043 2605 1212 2683 quomodo
1237 2605 1356 2665 debeat
1380 2621 1417 2664 se
1442 2606 1542 2665 homo
1567 2603 1623 2662 ha-

225 2696 302 2754 bere
324 2699 356 2755 in
380 2697 544 2772 prosperis
568 2698 600 2753 et
622 2697 654 2754 in
677 2693 844 2753 adversis«
871 2695 904 2750 ><
928 2691 949 2753 i.
974 2691 1008 2751 2·
1044 2692 1212 2752 »videlicet
1234 2696 1264 2752 in
1289 2695 1445 2752 viciorum
1481 2690 1623 2750 detesta-

225 2785 330 2851 cione‚
353 2785 384 2842 in
407 2785 560 2841 virtutum
584 2783 778 2858 operacione
801 2785 833 2839 et
856 2779 887 2840 in
913 2783 1167 2857 temptacionum
1191 2783 1403 2857 perpessione
1424 2794 1500 2837 esse
1524 2793 1623 2854 expo-

226 2871 324 2928 situm
348 2875 379 2928 et
402 2868 658 2944 explanatum«)
685 2866 815 2944 »Incipit
830 2870 949 2926 tercius
966 2867 1071 2926 iiber«
1102 2868 1131 2920 ><
1155 2863 1176 2926 i.
1205 2864 1278 2925 147·
1305 2864 1436 2942 »Incipit
1452 2868 1623 2940 registrum

225 2970 286 3014 seu
310 2954 442 3015 thabula
464 2953 667 3031 precedentis
691 2957 798 3031 operis
821 2952 970 3013 videlicet
993 2955 1079 3012 tercii
1097 2952 1175 3022 libri,
1200 2955 1254 3031 qui
1272 2956 1448 3012 intituatur
1463 2949 1622 3028 Maagra-

226 3049 341 3102 natus‹
369 3073 410 3084 -
433 3039 453 3101 i.
482 3039 555 3100 147υ
582 3038 655 3100 »fini
679 3039 753 3118 (sic)
775 3040 863 3100 hunc
887 3040 1000 3098 librum
1026 3043 1173 3116 proxima
1196 3038 1252 3098 ier.
1276 3045 1391 3117 quarta
1410 3045 1485 3098 ante
1502 3037 1622 3098 adven-

227 3137 295 3188 tum
320 3128 470 3188 domini«
496 3124 605 3208 (Opus
628 3127 692 3187 hoc
715 3126 789 3186 aiibi
812 3127 883 3186 aliis
908 3127 1112 3202 attribuitur.)

330 3264 350 3326 i.
379 3259 575 3326 iio-201⁵
596 3263 770 3326 Tractatus
793 3263 1034 3340 anepigraphus
1057 3267 1089 3324 in
1113 3269 1178 3325 tres
1202 3263 1302 3324 libros
1322 3265 1457 3336 divisus,
1483 3278 1621 3341 quorum

227 3357 350 3432 primus
374 3353 414 3412 de
439 3353 502 3414 deo
525 3353 719 3420 ethomme,
744 3350 913 3411 secundus
936 3350 977 3409 de
1000 3352 1171 3412 virtutibus
1195 3358 1227 3411 et
1249 3355 1344 3420 vitiis,
1369 3355 1481 3410 tertius
1505 3350 1546 3409 de
1571 3353 1622 3408 iis-

227 3441 303 3500 dem
326 3442 507 3518 specialiter
528 3439 637 3518 quoad
661 3439 844 3498 monachos
867 3440 941 3514 agit.
973 3435 1074 3498 index
1109 3439 1174 3499 libri
1211 3438 1221 3498 l
1256 3442 1304 3497 sic
1339 3441 1456 3515 incipit:
1507 3435 1623 3514 »Quod

227 3527 311 3587 deus
335 3543 486 3588 summus
510 3535 541 3586 et
564 3525 837 3586 incommutabilis
861 3527 920 3584 sit·
948 3525 980 3578 ><
1003 3522 1024 3584 i.
1049 3523 1130 3584 201:
1168 3541 1253 3586 »non
1289 3541 1374 3603 quos
1397 3527 1527 3583 ceestis
1550 3539 1624 3581 aua

227 3613 430 3674 letificandos
454 3614 586 3674 includit
608 3617 668 3672 etc.
693 3610 733 3672 Et
756 3615 804 3671 sic
828 3617 879 3671 est
902 3609 987 3671 finis.
1013 3609 1061 3672 Sit
1085 3613 1155 3671 iaus
1179 3619 1211 3672 et
1225 3616 1326 3688 gana
1342 3610 1458 3672 Crista.
1486 3611 1620 3670 Amen«

331 3749 351 3810 i.
376 3747 577 3810 202⁸-274b
612 3749 768 3828 (Heariei
801 3749 965 3828 Susonis)
998 3749 1226 3828 Horologium
1261 3751 1398 3811 divinae
1422 3747 1624 3824 sapientiae.

232 3837 360 3915 »Incipit
372 3838 526 3915 prologus
539 3841 570 3898 in
594 3838 708 3898 librum
733 3841 787 3918 qui
812 3837 986 3898 intitulatur
1008 3838 1189 3914 horlogium
1215 3839 1322 3898 divine
1346 3841 1520 3914 sapiencie.
1545 3835 1625 3895 Sen-

228 3929 281 3986 tite
305 3925 345 3984 de
370 3925 502 3984 domino
526 3928 558 3985 in
581 3924 743 3985 bonitate«
775 3929 802 3980 ><
830 3931 879 3985 »te
904 3941 1016 4002 regum
1040 3929 1116 3999 (sic)
1139 3927 1239 4002 glorie
1270 3926 1504 4001 dominumque
1529 3927 1624 3982 virtu-

229 4021 296 4072 tum
319 4015 350 4072 in
375 4011 491 4071 decore
516 4027 578 4071 suo
601 4015 842 4088 conspicientes
866 4011 1034 4072 dominum
1059 4017 1207 4072 nostrum
1232 4011 1258 4071 J.
1277 4011 1347 4080 Cb..
1372 4015 1519 4089 quicum
1538 4015 1625 4086 patre

228 4105 307 4160 etc«
333 4097 438 4172 (Haec
462 4097 561 4158 verba
590 4102 762 4158 tractatum
792 4099 995 4158 absoventia
1018 4103 1050 4158 in
1073 4098 1093 4158 l.
1118 4097 1181 4158 273
1205 4105 1389 4169 occurrunt,
1424 4103 1541 4175 postea
1577 4113 1626 4154 se-

229 4189 336 4264 quitur
356 4185 531 4262 capitulum
556 4200 668 4257 unum,
689 4185 778 4263 quod
803 4185 910 4245 scriba
932 4189 1064 4258 omisit).
1103 4183 1212 4245 Medio
1244 4187 1390 4245 tractatui
1422 4184 1456 4256 (i.
1481 4184 1558 4256 244)
1582 4187 1628 4243 in-

229 4277 314 4332 serta
337 4277 404 4332 est:

332 4393 352 4454 i.
377 4391 546 4453 244-247
575 4389 781 4471 »Solempnis
804 4393 1054 4454 commendacio
1078 4398 1147 4452 sive
1171 4397 1281 4453 oracio
1304 4394 1397 4452 beate
1422 4409 1553 4468 semper
1567 4396 1628 4452 vir-

228 4484 311 4558 ginis
334 4479 434 4541 Man'e
458 4481 553 4540 etde
578 4480 690 4540 dolore
714 4483 785 4540 eius
821 4497 919 4558 quom
950 4481 1062 4540 babuit
1086 4484 1117 4541 in
1142 4484 1296 4559 passione
1332 4480 1453 4540 domini
1488 4478 1542 4538 iiiii
1577 4482 1627 4538 sui

229 4571 411 4646 unigeniti«

334 4705 354 4766 i.
378 4701 459 4768 252¹³
486 4704 642 4783 »Explicit
676 4707 882 4782 horologium
906 4706 937 4766 d.
962 4722 988 4766 s
1026 4711 1171 4787 sequitur
1204 4723 1292 4766 nunc
1320 4703 1447 4767 Cursus
1482 4703 1629 4764 ciusdem

230 4793 541 4952 figieipesescerfflssi?
568 4790 707 4866 (Revera
730 4797 912 4871 sequuntur
935 4793 1041 4853 solum
1066 4794 1085 4854 2
1109 4793 1163 4854 iol.
1187 4809 1303 4866 vacua,
1335 4799 1451 4871 postea
1474 4793 1630 4868 horologii

339 5019 446 5076 Codex
469 5021 539 5076 bibl.
563 5019 807 5090 Rosenbergicae‚
832 5021 898 5076 dein
922 5029 1048 5078 monast.
1072 5019 1269 5078 liebonensis
1293 5021 1354 5076 luit.

916 5243 946 5292 61
