4034 5956
1082 492 1144 554 897

525 703 545 764 i.
570 701 774 764 259¹-287b
800 702 952 765 »Puncta
973 702 1051 763 libri
1073 702 1249 780 priorum«
1277 702 1488 764 Aristotelis
1530 702 1660 780 »Incipit
1683 705 1819 762 materia

416 791 483 850 libri
508 794 649 868 priorum
673 791 925 851 maleficorum«
952 793 984 846 ><
1011 789 1171 868 »Explicit
1205 794 1340 851 materia
1369 795 1510 868 priorum
1545 805 1575 848 a.
1610 790 1641 850 d.
1675 787 1816 850 144911.

416 876 473 937 fer.
498 883 573 955 post
595 877 715 938 testum
738 875 866 936 Thome
894 876 934 936 de
958 876 1117 955 Aquino«

525 979 545 1040 i.
571 977 775 1042 2881-307b
799 979 978 1057 Capellani
1003 980 1157 1040 »Puncta
1179 979 1257 1040 libri
1279 979 1547 1057 posteriorum«.
1597 978 1727 1056 »Incipit
1749 995 1816 1038 ma·

418 1072 497 1128 teria
519 1068 760 1128 Analeticorum
785 1071 1020 1146 posteriorum«
1047 1071 1076 1124 ><
1107 1066 1165 1126 »Et
1188 1070 1235 1127 sic
1259 1071 1310 1126 est
1332 1064 1407 1126 finis
1438 1071 1557 1144 poster.
1589 1067 1705 1126 analet.
1737 1070 1757 1124 i.
1785 1081 1814 1124 e.

421 1155 688 1214 resolutoriorum
712 1171 770 1232 per
792 1171 893 1214 rever.
917 1152 1131 1230 Capellanum
1155 1153 1229 1213 dive
1252 1157 1407 1213 memorie
1437 1153 1645 1213 collectorum
1671 1169 1729 1230 per
1752 1168 1815 1212 ma·

419 1257 482 1301 nus
505 1240 679 1302 Johannis
703 1240 786 1302 dicti
806 1237 940 1300 Pralak
963 1242 1005 1300 de
1027 1238 1245 1318 Krzyzanow
1268 1257 1296 1300 a.
1322 1240 1352 1299 d.
1379 1237 1462 1298 1449
1492 1239 1631 1299 sabbato
1653 1245 1731 1298 ante
1757 1243 1814 1316 pri-

419 1343 507 1387 mam
531 1328 728 1388 dominicam
754 1333 829 1406 post
851 1326 1061 1406 Epiphania«

520 1433 554 1489 In
577 1434 626 1492 sol.
651 1437 811 1490 membran.
835 1436 994 1505 praeligato
1017 1435 1071 1488 hae
1095 1437 1170 1489 duae
1206 1440 1292 1489 notae
1326 1437 1505 1488 diversarum
1539 1447 1680 1486 manuum
1714 1446 1812 1485 occur·

418 1529 501 1576 runt:
530 1517 559 1595 1)
585 1521 759 1592 »Disputata
781 1520 980 1576 Pobiezowicz
1003 1537 1090 1592 super
1113 1521 1201 1575 veteri
1225 1527 1304 1575 arte«
1331 1521 1416 1590 (nota
1438 1522 1510 1575 haec
1527 1525 1675 1572 auctorem
1692 1519 1812 1572 duorum

417 1610 545 1679 priorum
569 1623 688 1678 operum
713 1623 885 1662 concernere
908 1609 1046 1674 videtur),
1072 1608 1104 1676 2)
1131 1607 1358 1678 »Incorporatus
1382 1623 1447 1661 sum
1464 1607 1539 1660 alme
1554 1605 1737 1659 universitati
1751 1603 1813 1658 Pra-

418 1696 500 1764 gensi
524 1695 554 1749 in
578 1695 624 1749 die
647 1694 796 1764 Hedwigis
819 1695 875 1748 sub
899 1710 988 1750 rever.
1014 1693 1091 1764 Mag.
1117 1693 1296 1748 Wenceslao
1321 1693 1391 1748 Pala
1406 1710 1431 1750 a.
1459 1693 1571 1748 1460(
1597 1690 1667 1746 Item
1685 1697 1812 1746 notatum

418 1782 515 1834 estin
538 1780 587 1838 lol.
616 1781 692 1836 150ι
714 1781 870 1850 (illigat0):
898 1780 1046 1835 »Hilarius
1070 1782 1105 1833 de
1130 1780 1329 1835 Litomierzicz
1351 1781 1407 1835 sub
1430 1794 1506 1850 mag.
1531 1778 1613 1832 Petro
1636 1781 1672 1833 de
1688 1777 1815 1832 Hradecz

418 1867 525 1936 Regine
548 1870 634 1922 istam
659 1869 860 1922 determinavit
883 1870 1093 1938 questionem.
1114 1915 1119 1924 .
1141 1912 1147 1923 .
1167 1884 1193 1921 a.
1219 1869 1248 1922 d.
1276 1868 1354 1922 1451
1388 1867 1439 1921 illa
1462 1865 1512 1921 ser.
1535 1864 1562 1917 V
1585 1871 1651 1918 ante
1682 1865 1814 1934 reliquia-

420 1969 514 2009 rum«
540 1952 633 2008 Vetus
657 1957 733 2022 sign.
755 1955 788 2023 R,
813 1954 863 2010 62.

522 2120 603 2201 887
895 2120 939 2195 V.
967 2120 1009 2194 E.
1037 2121 1096 2196 ab.
1125 2137 1169 2200 (v.
1183 2137 1219 2188 ιι.
1236 2140 1261 2188 5.
1276 2138 1369 2198 aaa.)

421 2262 529 2322 chart.
553 2260 752 2340 a.1479ff.
776 2259 841 2321 100
862 2279 966 2334 uum„
989 2262 1067 2323 215
1083 2262 1168 2323 ><10
1191 2279 1253 2322 ern.
1277 2261 1309 2322 d.
1333 2279 1379 2320 m.

529 2380 549 2442 f.
580 2380 712 2441 12-69·
735 2387 891 2456 (anepigr.)
914 2383 1115 2444 Aristotelis
1139 2381 1241 2444 Liber
1263 2382 1305 2443 de
1328 2382 1445 2443 causis
1470 2381 1600 2459 (dictus
1625 2379 1731 2442 etiam
1754 2380 1814 2442 Lu-

422 2484 501 2529 men
523 2467 710 2546 luminum)
733 2486 812 2530 cum
835 2469 1087 2531 commentario
1110 2468 1321 2546 Alpharabii.
1346 2469 1520 2546 Prologus:
1548 2465 1684 2529 »Utrum
1700 2469 1740 2527 de
1757 2472 1815 2546 pri-

422 2559 484 2616 mis
507 2559 618 2615 causis
642 2560 747 2633 possit
781 2573 857 2617 esse
892 2561 1064 2616 sciencia«
1111 2554 1255 2616 Textus:
1305 2554 1441 2617 »Omnis
1464 2571 1567 2616 causa
1590 2559 1758 2633 primaria«
1784 2557 1813 2610 ><

425 2647 538 2702 »cuius
560 2647 702 2702 unitates
725 2643 878 2703 iaciens«
907 2642 994 2702 Finis
1018 2649 1214 2702 comment:
1243 2641 1330 2702 »Fen
1355 2643 1379 2704 ll
1402 2647 1476 2703 ante
1493 2641 1622 2702 Kather.
1650 2639 1762 2702 1479.«

530 2727 550 2790 s.
576 2728 736 2790 701-858
758 2729 915 2807 (anepigr.)
938 2728 1101 2791 Canones
1124 2728 1303 2790 astrolabii
1325 2728 1369 2789 ad
1384 2728 1532 2790 formam
1547 2727 1742 2806 longiorem
1758 2727 1817 2789 sed

423 2813 614 2876 faciliorem
637 2814 776 2877 redacti.
803 2815 907 2894 »Quia
930 2817 1055 2893 plurimi
1087 2817 1130 2876 ob
1161 2820 1293 2876 nimiam
1324 2816 1521 2895 quandoque
1556 2820 1814 2876 acurtacionem«

424 2904 462 2978 ><
489 2901 596 2962 »Finis
620 2905 716 2962 buius
741 2907 898 2980 scripture
922 2901 978 2962 ier.
1002 2902 1028 2962 ΙΙ
1059 2908 1134 2980 post
1157 2901 1219 2962 Viti
1252 2907 1284 2962 in
1315 2903 1448 2980 collegio
1480 2901 1686 2969 Reiczkonis,
1726 2907 1758 2962 et
1786 2905 1816 2962 in

422 2993 565 3048 crastino
590 2989 675 3049 idem
699 2991 864 3067 inceptum
889 3006 946 3067 per
967 2988 1053 3066 Mag.
1077 2989 1239 3049 Jacobum
1263 2989 1305 3048 ad
1329 2989 1560 3050 declarandum
1584 2990 1665 3050 hora
1692 2988 1760 3050 l8.«

530 3075 550 3134 i.
575 3072 733 3136 862-97·
767 3073 950 3153 (Gerhardi
981 3073 1246 3154 Cremonensis)
1276 3074 1442 3138 Theorica
1470 3077 1699 3154 planetarum.
1738 3073 1818 3137 »Cir-

422 3163 517 3221 culus
541 3161 656 3222 dicitur
678 3163 902 3223 excentricus«
931 3164 969 3239 ><
996 3169 1047 3222 »et
1069 3180 1136 3223 non
1160 3164 1379 3240 corporaliter.
1404 3161 1488 3224 1479
1510 3168 1542 3224 in
1558 3164 1695 3242 collegio
1712 3162 1816 3224 Reicz·

424 3248 550 3308 konis«
577 3250 625 3326 (ln
648 3248 752 3310 fronte
775 3248 796 3310 i.
821 3248 880 3310 86ι
903 3251 985 3309 haec
1009 3255 1087 3309 nota
1110 3255 1181 3310 est:
1210 3249 1390 3310 »Theorica
1409 3251 1633 3329 planetharum
1652 3255 1739 3327 cepit
1761 3251 1817 3327 legi

423 3351 480 3412 per
501 3334 586 3413 Mag.
611 3335 844 3396 Wenceslaum
869 3336 909 3396 de
932 3335 1103 3414 Trzepsko
1128 3337 1183 3396 fer.
1210 3336 1234 3397 ΙΙ
1258 3343 1336 3415 post
1357 3337 1466 3398 Prisce
1496 3338 1576 3397 hora
1598 3335 1641 3396 20
1657 3335 1817 3416 (14)79.«)

530 3421 551 3481 i.
576 3421 759 3484 aar-100³
782 3423 917 3499 Figurae
941 3428 1181 3484 astronomicae
1221 3424 1263 3482 ad
1288 3439 1373 3501 opus
1396 3424 1597 3501 praecedens
1622 3429 1808 3501 spectantes

527 3527 670 3600 Operculo
694 3545 789 3600 super.
815 3531 976 3600 adligatum
999 3537 1044 3584 est
1066 3529 1259 3600 fragmentum
1275 3531 1393 3587 membr.
1418 3530 1530 3586 codicis
1553 3545 1630 3587 saec.
1655 3528 1819 3586 le—XV

423 3615 565 3670 exhibens
589 3617 704 3685 regulas
727 3617 803 3671 vitae
826 3617 960 3671 versibus
983 3631 1139 3687 expressas
1155 3618 1230 3672 inc:
1257 3615 1387 3687 »Linque
1403 3625 1511 3672 metum
1527 3617 1586 3686 leti,
1611 3633 1679 3672 narn
1700 3619 1818 3672 stultum

422 3709 466 3756 est
489 3707 617 3773 tempore
641 3703 749 3759 omni«
777 3702 869 3758 Vetus
892 3705 969 3773 sign.
992 3703 1027 3772 D,
1052 3703 1103 3765 38,

525 3868 609 3950 898
877 3871 919 3946 V.
948 3871 990 3947 E.
1017 3872 1071 3946 40.
1099 3886 1230 3951 (ittae.
1249 3888 1325 3952 aa.)

424 4009 531 4071 chart.
554 4026 642 4070 saec.
665 4007 736 4070 XV
753 4009 797 4071 in.
820 4013 917 4090 (pars
939 4028 972 4072 a.
1007 4011 1108 4090 1405)
1125 4010 1167 4092 ff.
1191 4010 1256 4073 140
1278 4029 1381 4084 num„
1415 4009 1603 4072 2l·5><15·5
1631 4027 1695 4071 cm.
1720 4011 1752 4073 d.
1776 4029 1819 4072 nr.

530 4130 551 4190 i.
581 4130 895 4210 12-761oneplgr.)
935 4131 1171 4211 Quaestiones
1211 4149 1317 4209 super
1352 4131 1554 4194 Aristotelis
1582 4131 1819 4194 Posteriorum

423 4217 694 4366 ἓῗὲἴθὶῃὲὲξτῗε.
721 4217 856 4279 »Omnis
880 4220 1027 4280 doctrina
1049 4226 1081 4279 et
1104 4225 1214 4281 omnis
1238 4220 1424 4298 disciplina«
1451 4220 1484 4278 ><
1512 4223 1621 4298 »ponit
1651 4222 1819 4300 implicitas

531 4408 551 4469 f.
576 4406 755 4470 77⁸-108b
778 4409 866 4488 Mag.
889 4409 986 4472 Petri
1009 4411 1051 4471 de
1073 4410 1315 4490 Premyslavia
1343 4409 1527 4488 Disputata
1557 4411 1820 4489 consequentia·

423 4512 511 4556 rum.
561 4495 731 4575 »Queritur
760 4501 873 4576 primo,
908 4505 1015 4559 utrum
1040 4498 1081 4559 de
1104 4502 1360 4579 consequenciis
1384 4503 1426 4559 sit
1449 4503 1608 4560 sciencia«
1637 4501 1669 4556 ><
1697 4499 1821 4578 »Expli-

423 4587 848 4749 ἓᾞηὲυὲἓξιεέἳυθηείαωη]
872 4585 1037 4664 disputata
1060 4603 1126 4647 rev.
1152 4603 1236 4664 mag.
1262 4586 1295 4647 P.
1319 4585 1360 4645 de
1384 4585 1432 4648 Pr.
1457 4585 1546 4647 linita
1580 4585 1618 4648 111
1656 4585 1713 4647 ler.
1748 4595 1822 4665 post

532 4775 551 4836 l.
581 4773 783 4837 1091-110α
805 4777 963 4850 (anepigr.)
984 4774 1079 4836 Modi
1102 4775 1272 4852 probandi
1294 4776 1556 4854 propositiones
1574 4777 1741 4840 diversas.
1769 4777 1820 4839 »ln

423 4862 565 4939 generali
590 4861 656 4923 duo
680 4868 758 4922 sunt
779 4861 946 4923 facienda«
974 4863 1006 4920 ><
1034 4862 1192 4940 »Explicit
1214 4868 1324 4925 textus
1348 4865 1617 4942 philosophorum
1641 4865 1681 4942 (ἓ)
1712 4865 1821 4928 finitus

425 4966 452 5008 a.
478 4949 509 5010 d.
537 4945 620 5009 1405
643 4948 698 5009 ier.
723 4948 742 5008 3
766 4955 840 5010 ante
864 4950 962 5010 letare
986 4954 1019 5010 in
1041 4953 1150 5028 vigilia
1175 4952 1205 5012 b.
1229 4954 1362 5028 virginis
1385 4949 1512 5012 Maria«

1099 5173 1150 5225 888
