3996 5954
1063 573 1128 636 938

501 781 521 842 1.
544 780 908 843 46-66161661661
941 778 1107 842 causidici
1128 779 1323 841 Brixiensis
1354 778 1457 840 Liber
1485 779 1738 842 consolationis
1758 787 1793 842 ct

398 867 546 930 consilii.
573 866 755 947 »Quoniam
779 871 979 929 multisunt«
1005 870 1038 925 ><
1061 884 1138 928 cum
1153 867 1274 945 gaudio
1290 872 1322 927 et
1337 868 1441 927 leticia
1457 871 1675 928 recesserunt.
1700 865 1791 944 Expl.

398 956 477 1015 liber
499 972 590 1016 cons.
615 961 647 1015 61
669 972 761 1016 6666.
785 971 884 1035 quem
907 956 1104 1016 Albertanus
1128 953 1315 1014 causidicus
1346 953 1521 1014 Brisiensis
1553 956 1629 1028 (sic)
1664 953 1706 1013 de
1738 970 1793 1014 ora

398 1059 425 1102 s.
450 1042 576 1120 Agathe
600 1043 776 1119 conpilavit
798 1047 895 1121 atque
919 1044 1095 1119 conposuit
1116 1057 1145 1100 a.
1170 1040 1200 1100 d.
1236 1039 1317 1100 1246
1351 1045 1383 1100 in
1418 1041 1588 1101 mensibus
1622 1041 1741 1118 Aprilis
1762 1047 1794 1101 et

398 1127 484 1190 Maii.
509 1126 656 1206 Scriptus
680 1145 738 1207 per
760 1134 819 1189 etc.
846 1126 921 1208 (sic)
945 1146 974 1188 a.
1000 1128 1029 1188 d.
1058 1124 1141 1188 1466
1164 1126 1302 1187 hiisdem
1334 1127 1505 1186 mensibus
1535 1125 1647 1187 finitus
1678 1127 1792 1187 eodem

398 1231 486 1276 anno
509 1214 564 1276 ier.
588 1213 618 1273 V
640 1221 717 1293 post
742 1214 884 1275 Vitatis«

502 1317 522 1380 1,
547 1315 732 1378 (5721--114b
754 1317 920 1380 Eiusdem
942 1317 1124 1378 Tractatus
1147 1317 1188 1378 de
1212 1333 1331 1379 amore
1354 1316 1409 1378 dei
1440 1320 1475 1376 et
1504 1317 1663 1394 proximi.
1719 1317 1793 1378 »ini-

398 1409 485 1465 cium
509 1405 573 1466 mei
597 1411 770 1465 tractatus«
796 1407 829 1462 ><
854 1422 934 1465 »nec
958 1407 1069 1483 populi
1092 1422 1154 1465 nec
1185 1407 1365 1482 principum
1401 1419 1510 1463 mores
1540 1403 1642 1464 ferre·
1676 1407 1795 1478 (cetera

401 1491 521 1552 desunt
543 1491 656 1552 codice
681 1493 851 1560 mutilato).

503 1597 536 1653 ln
559 1597 608 1653 161.
632 1597 734 1653 ultimo
758 1614 818 1653 non
841 1613 922 1653 num.
946 1606 1103 1652 occurrunt
1127 1603 1213 1652 notae
1236 1599 1391 1654 historicae
1415 1599 1452 1652 ad
1476 1614 1501 1652 a.
1525 1599 1605 1652 1416
1629 1605 1794 1670 spectantes

400 1679 450 1758 (de
473 1684 604 1751 moniali,
628 1700 703 1756 quae
726 1683 833 1754 Pragae
856 1684 948 1739 filium
970 1687 1090 1755 peperit,
1115 1687 1150 1740 de
1174 1690 1264 1739 morte
1288 1683 1453 1739 Zdenconis
1477 1685 1512 1738 de
1537 1678 1725 1756 Konopiite).

434 1815 436 1820 Ι
504 1850 585 1932 938
851 1852 893 1926 V.
921 1851 960 1926 F.
989 1854 1049 1926 16.
1070 1867 1154 1933 (1.1.
1176 1869 1313 1930 inea)

401 1991 509 2052 chart.
532 2008 616 2054 saec.
640 1989 710 2052 XV
729 1991 826 2072 (pars
847 2011 879 2053 a.
902 1992 1002 2067 1426)
1021 1992 1059 2073 ff.
1083 1992 1148 2053 198
1169 2009 1274 2068 ritem,
1297 1991 1480 2070 225><16
1505 2008 1567 2052 cin.
1591 1991 1621 2052 d.
1646 2011 1692 2053 m,

504 2111 524 2172 1.
554 2112 690 2173 11--591
714 2113 746 2174 S.
770 2113 959 2190 Augustini
975 2111 1258 2174 Commentarius
1274 2111 1449 2174 sermonis
1466 2111 1599 2172 domini
1614 2112 1651 2172 in
1668 2118 1793 2175 monte.

405 2197 627 2274 »Sermonem
652 2216 749 2276 quem
775 2201 905 2261 locutus
929 2205 997 2259 est«
1025 2201 1056 2255 ><
1084 2200 1290 2277 »petentibus
1313 2203 1345 2258 et
1366 2201 1580 2276 querentibus
1612 2207 1644 2260 et
1667 2201 1796 2278 pulsan·

402 2286 500 2346 tibus
525 2284 597 2346 Hoc
621 2302 709 2363 opus
732 2287 781 2347 sic
804 2291 934 2364 incipit«
963 2291 1085 2360 (cetera
1108 2286 1357 2359 desiderantur).

505 2372 525 2432 1.
550 2369 733 2432 601-1271
757 2372 892 2435 Nicolai
914 2373 956 2434 de
979 2372 1070 2446 Lyra
1092 2371 1319 2435 Probationes
1342 2378 1465 2433 contra
1485 2370 1649 2433 iudaeos.
1692 2372 1796 2451 »Que-

401 2458 481 2518 ritur
503 2463 611 2519 utrum
636 2477 692 2536 per
715 2463 893 2537 scripturas
916 2477 937 2519 a
958 2459 1073 2521 Judeis
1096 2464 1263 2538 receptas«
1291 2461 1323 2516 ><
1350 2457 1460 2536 ›Expl
1478 2459 1568 2535 prob.
1587 2457 1671 2536 Lyre
1686 2465 1797 2520 contra

402 2545 530 2616 iudeos,
553 2547 644 2622 quod
668 2547 699 2606 in
724 2545 843 2607 divinis
867 2551 918 2606 est
940 2547 1066 2607 trinitas
1090 2562 1316 2624 personarum,
1340 2550 1417 2606 item
1440 2543 1532 2622 quod
1562 2544 1648 2605 filius
1671 2546 1724 2606 dei
1747 2552 1797 2606 est

402 2636 599 2696 incarnatus,
624 2636 699 2693 item
724 2634 813 2710 quod
836 2635 888 2693 lex
914 2631 1011 2693 Moisi
1034 2636 1204 2694 cessavit.
1225 2684 1230 2692 .
1251 2650 1334 2711 ‚per
1356 2648 1477 2692 manus
1501 2629 1692 2694 Gaudencii
1714 2651 1742 2692 a.
1766 2633 1795 2693 d.

404 2715 488 2778 1426
510 2717 546 2778 in
560 2717 673 2796 Praga
688 2724 721 2780 in
738 2720 902 2781 dominica
923 2718 1068 2780 ludica«

506 2822 527 2882 1.
556 2817 757 2884 1281-1571
781 2823 815 2885 S.
838 2821 1026 2900 Augustini
1047 2820 1271 2885 Euchiridion
1295 2820 1437 2884 661166.
1463 2821 1554 2883 »Dici
1579 2838 1645 2882 non
1670 2828 1795 2901 potest«

403 2910 436 2966 ><
463 2907 522 2968 »de
546 2908 622 2980 1166,
647 2925 706 2987 spe
730 2915 762 2970 et
783 2913 915 2970 caritate
938 2913 1150 2988 conscripsi.»

507 2995 526 3055 1.
556 2992 758 3054 1571)-1761
780 2994 945 3056 Eiusdem
968 2995 1071 3057 Liber
1086 2996 1129 3056 66
1142 2995 1267 3073 spiritu
1279 3001 1314 3056 ct
1328 2995 1455 3056 anima.
1474 2994 1659 3073 »Quoniam
1676 2995 1798 3056 dictum

403 3087 454 3140 est
484 3082 581 3142 mihi«
607 3082 641 3138 ><
667 3083 792 3142 »illicita
827 3085 1059 3161 concupiscat«
1098 3082 1188 3156 (linis
1223 3082 1428 3143 desideratur
1460 3081 1546 3142 loliis
1581 3082 1798 3158 sequentibus

403 3171 544 3240 vacuis).

404 3356 433 3416 V
508 3269 760 3417 i.blli7⁸-l98⁸
783 3269 961 3333 Sermones
984 3273 1107 3352 aliquot
1130 3289 1155 3333 6.
1180 3273 1364 3350 Augustini,
1400 3272 1518 3332 Leonis
1541 3288 1655 3350 papae,
1691 3269 1797 3332 Bedae

435 3374 532 3418 encra
556 3375 613 3418 rrs.

510 3463 611 3520 Codex
635 3467 683 3520 hic
706 3471 862 3537 coopertus
884 3473 929 3521 est
951 3466 1112 3536 fragmento
1135 3468 1255 3524 membr.
1280 3469 1434 3522 cuiusdam
1457 3465 1589 3520 instrum.
1614 3465 1734 3536 publici,
1768 3465 1798 3521 in

384 3555 464 3623 'quo
489 3551 615 3608 occurrit
637 3570 664 3610 a.
693 3552 773 3609 1390
797 3558 826 3607 et
848 3568 954 3608 nomen
985 3552 1153 3609 Czenlronis
1184 3555 1219 3608 de
1242 3553 1438 3622 Wartmberg,
1469 3551 1609 3608 debitoris
1645 3553 1798 3608 cuiusdam

405 3639 549 3694 Johannis
572 3637 674 3708 Plcyer
696 3642 769 3695 civis
793 3638 914 3695 Maioris
937 3641 1015 3699 civit.
1040 3640 1204 3710 Pragensis.
1228 3640 1281 3695 His
1304 3641 1450 3710 operculis
1474 3640 1603 3709 adligata
1625 3645 1695 3694 sunt
1725 3637 1798 3708 1163-

405 3733 503 3780 menta
526 3726 645 3782 membr.
671 3726 826 3782 cuiusdam
849 3728 962 3783 codicis
985 3727 1091 3782 medici
1114 3743 1192 3784 sace.
1216 3725 1294 3784 XIV.
1318 3725 1410 3782 Vetus
1433 3729 1509 3797 sign.
1533 3725 1564 3794 F,
1592 3726 1639 3782 16.

507 3892 587 3974 939
887 3895 929 3968 V.
957 3896 998 3971 F.
1027 3897 1088 3970 17.
1118 3911 1162 3976 (r.
1184 3910 1221 3963 11.
1238 3913 1264 3963 a.
1282 3913 1373 3972 616.)

404 4034 513 4096 chart.
536 4051 624 4096 saec.
648 4033 718 4096 XV
730 4036 770 4118 ff.
793 4037 858 4100 230
881 4055 983 4114 num,
1007 4037 1047 4098 21
1063 4036 1183 4098 ><15·5
1203 4053 1266 4098 cm.
1291 4036 1322 4098 d.
1346 4053 1391 4096 m.

508 4154 528 4216 1.
558 4157 670 4216 11-(11
695 4157 729 4219 S.
751 4158 939 4235 Augustini
962 4157 1084 4220 Sermo
1108 4158 1149 4218 de
1173 4163 1377 4235 contemptu
1407 4155 1537 4218 mundi.
1578 4155 1717 4217 »Audite
1740 4154 1800 4216 ira·

405 4249 471 4303 tres
495 4243 677 4304 karissimi«
704 4246 736 4301 ><
763 4245 959 4306 »reddamus
982 4249 1110 4323 gracias
1133 4243 1160 4305 J.
1184 4242 1260 4307 Chr.
1285 4245 1371 4305 dom.
1396 4249 1539 4305 nostro«

510 4328 530 4390 1.
554 4326 697 4390 42—69b
720 4330 753 4392 S.
777 4331 944 4394 Bernardi
967 4331 1137 4394 stimulus
1156 4331 1297 4393 amoris.
1347 4329 1459 4392 »Liber
1481 4335 1542 4390 iste
1566 4333 1620 4410 qui
1644 4326 1801 4392 Stimulus

404 4420 545 4477 amoris«
573 4420 605 4473 ><
631 4415 743 4496 ›Expl
768 4420 847 4480 liber
869 4421 898 4480 b.
919 4418 1106 4488 Bernhardi‚
1131 4423 1185 4498 qui
1208 4420 1388 4496 appellatur
1409 4417 1489 4478 liber
1508 4417 1548 4477 de
1565 4417 1697 4478 stimulo
1713 4431 1801 4476 arno·

404 4507 447 4563 ris
471 4506 503 4564 in
527 4503 754 4566 dulcissimum
780 4505 806 4565 J.
831 4504 927 4568 Chr.»

508 4589 529 4650 1.
555 4586 714 4652 702—72b
741 4590 919 4655 »Notabilia
941 4593 1077 4654 collecta
1100 4609 1141 4654 ex
1158 4593 1297 4652 diversis
1320 4592 1415 4652 dictis
1439 4591 1629 4676 doctorum
1655 4589 1711 4664 (de
1735 4591 1800 4669 pol·

405 4677 591 4742 tutionibus,
617 4678 657 4738 de
681 4683 881 4740 conscientia
904 4685 990 4754 616),

508 4762 528 4824 1.
555 4760 713 4826 732-800
735 4763 780 4826 ll.
804 4765 972 4844 Stephani
988 4767 1029 4828 de
1046 4763 1193 4828 Colonia
1204 4765 1327 4828 Sermo
1342 4767 1385 4827 ad
1401 4765 1531 4827 clerum
1546 4779 1653 4842 super
1671 4762 1802 4824 »Homo

405 4847 545 4925 quidam
568 4849 650 4913 fecit
672 4868 824 4914 cenam.»

508 4936 528 4998 1.
553 4935 671 4999 801-1
683 4935 735 5000 101
758 4939 806 5018 (S.
824 4938 1104 5017 bonaventurae)
1116 4937 1299 5017 Expositio
1315 4937 1455 5000 missae.
1482 4937 1627 5000 »Cristus
1640 4940 1802 4997 assistens

406 5022 568 5100 pontifex«
599 5026 630 5081 ><
657 5024 768 5105 »Expl
794 5031 993 5106 epigramata
1016 5031 1118 5087 misse
1141 5043 1202 5087 nec
1226 5043 1293 5088 non
1316 5029 1485 5104 exposicio
1516 5027 1599 5085 sacri
1633 5027 1799 5084 canonis,-

1081 5247 1132 5301 388
