<?xml version="1.0" encoding="UTF-8"?>
<!DOCTYPE html PUBLIC "-//W3C//DTD XHTML 1.0 Transitional//EN"
    "http://www.w3.org/TR/xhtml1/DTD/xhtml1-transitional.dtd">
<html xmlns="http://www.w3.org/1999/xhtml" xml:lang="en" lang="en">
 <head>
  <title>
</title>
<meta http-equiv="Content-Type" content="text/html;charset=utf-8" />
  <meta name='ocr-system' content='tesseract 3.04.00' />
  <meta name='ocr-capabilities' content='ocr_page ocr_carea ocr_par ocr_line ocrx_word'/>
</head>
<body>
  <div class='ocr_page' id='page_1' title='image "./cataloguscodicu02truhgoog_0097.png"; bbox 0 0 4004 5966; ppageno 0'>
   <div class='ocr_carea' id='block_1_1' title="bbox 1031 545 1092 608">
    <p class='ocr_par' dir='ltr' id='par_1_1' title="bbox 1031 545 1092 608">
     <span class='ocr_line' id='line_1_1' title="bbox 1031 545 1092 608; baseline 0 0"><span class='ocrx_word' id='word_1_1' title='bbox 1031 545 1092 608; x_wconf 88' lang='lat'><strong>180</strong></span> 
     </span>
    </p>
   </div>
   <div class='ocr_carea' id='block_1_2' title="bbox 361 755 1767 1008">
    <p class='ocr_par' dir='ltr' id='par_1_2' title="bbox 361 755 1767 1008">
     <span class='ocr_line' id='line_1_2' title="bbox 363 755 1767 832; baseline 0.006 -22"><span class='ocrx_word' id='word_1_2' title='bbox 363 762 415 817; x_wconf 77' lang='lat' dir='ltr'><strong>»et</strong></span> <span class='ocrx_word' id='word_1_3' title='bbox 444 773 520 818; x_wconf 92' lang='lat' dir='ltr'><strong>cum</strong></span> <span class='ocrx_word' id='word_1_4' title='bbox 550 759 613 817; x_wconf 90' lang='lat' dir='ltr'><strong>isto</strong></span> <span class='ocrx_word' id='word_1_5' title='bbox 643 755 785 815; x_wconf 83' lang='lat' dir='ltr'>alumine</span> <span class='ocrx_word' id='word_1_6' title='bbox 815 759 936 832; x_wconf 90' lang='lat' dir='ltr'><strong>optime</strong></span> <span class='ocrx_word' id='word_1_7' title='bbox 960 763 1113 816; x_wconf 83' lang='lat' dir='ltr'><strong>curantur</strong></span> <span class='ocrx_word' id='word_1_8' title='bbox 1144 757 1253 817; x_wconf 88' lang='lat' dir='ltr'><strong>ulcera</strong></span> <span class='ocrx_word' id='word_1_9' title='bbox 1276 761 1353 830; x_wconf 88' lang='lat' dir='ltr'><strong>oris,</strong></span> <span class='ocrx_word' id='word_1_10' title='bbox 1378 762 1414 817; x_wconf 93' lang='lat' dir='ltr'><strong>ut</strong></span> <span class='ocrx_word' id='word_1_11' title='bbox 1436 757 1561 817; x_wconf 92' lang='lat' dir='ltr'><strong>dictum</strong></span> <span class='ocrx_word' id='word_1_12' title='bbox 1586 763 1637 818; x_wconf 89' lang='lat' dir='ltr'><strong>est</strong></span> <span class='ocrx_word' id='word_1_13' title='bbox 1659 761 1691 818; x_wconf 93' lang='lat' dir='ltr'><strong>in</strong></span> <span class='ocrx_word' id='word_1_14' title='bbox 1715 774 1767 818; x_wconf 89' lang='lat' dir='ltr'><strong>se-</strong></span> 
     </span>
     <span class='ocr_line' id='line_1_3' title="bbox 361 841 1766 921; baseline 0.001 -18"><span class='ocrx_word' id='word_1_15' title='bbox 361 844 471 904; x_wconf 86' lang='lat' dir='ltr'><strong>cunda</strong></span> <span class='ocrx_word' id='word_1_16' title='bbox 501 842 656 921; x_wconf 88' lang='lat' dir='ltr'><strong>particula</strong></span> <span class='ocrx_word' id='word_1_17' title='bbox 690 841 881 920; x_wconf 84' lang='lat' dir='ltr'><strong>(rubricator</strong></span> <span class='ocrx_word' id='word_1_18' title='bbox 903 841 993 902; x_wconf 90' lang='lat' dir='ltr'><strong>addit</strong></span> <span class='ocrx_word' id='word_1_19' title='bbox 1006 842 1028 920; x_wconf 90' lang='lat'><strong>:)</strong></span> <span class='ocrx_word' id='word_1_20' title='bbox 1058 843 1109 903; x_wconf 88' lang='lat' dir='ltr'><strong>vel</strong></span> <span class='ocrx_word' id='word_1_21' title='bbox 1133 847 1238 904; x_wconf 91' lang='lat' dir='ltr'><strong>eciam</strong></span> <span class='ocrx_word' id='word_1_22' title='bbox 1262 859 1377 904; x_wconf 90' lang='lat' dir='ltr'><strong>semen</strong></span> <span class='ocrx_word' id='word_1_23' title='bbox 1400 843 1455 904; x_wconf 90' lang='lat' dir='ltr'><strong>lini</strong></span> <span class='ocrx_word' id='word_1_24' title='bbox 1479 860 1556 904; x_wconf 92' lang='lat' dir='ltr'><strong>curn</strong></span> <span class='ocrx_word' id='word_1_25' title='bbox 1580 845 1674 905; x_wconf 90' lang='lat' dir='ltr'><strong>melle</strong></span> <span class='ocrx_word' id='word_1_26' title='bbox 1698 862 1766 905; x_wconf 87' lang='lat' dir='ltr'><strong>ma·</strong></span> 
     </span>
     <span class='ocr_line' id='line_1_4' title="bbox 361 933 701 1008; baseline -0.006 -17"><span class='ocrx_word' id='word_1_27' title='bbox 361 935 446 992; x_wconf 92' lang='lat' dir='ltr'><strong>turat</strong></span> <span class='ocrx_word' id='word_1_28' title='bbox 466 933 701 1008; x_wconf 80' lang='lat' dir='ltr'><strong>apostemata«</strong></span> 
     </span>
    </p>
   </div>
   <div class='ocr_carea' id='block_1_3' title="bbox 361 1023 1767 1198">
    <p class='ocr_par' dir='ltr' id='par_1_3' title="bbox 361 1023 1767 1198">
     <span class='ocr_line' id='line_1_5' title="bbox 469 1023 1767 1112; baseline 0.001 -18"><span class='ocrx_word' id='word_1_29' title='bbox 469 1032 490 1095; x_wconf 87' lang='lat' dir='ltr'><strong>i.</strong></span> <span class='ocrx_word' id='word_1_30' title='bbox 518 1029 593 1093; x_wconf 82' lang='lat' dir='ltr'><strong>169b</strong></span> <span class='ocrx_word' id='word_1_31' title='bbox 625 1032 682 1094; x_wconf 92' lang='lat' dir='ltr'><strong>Sv.</strong></span> <span class='ocrx_word' id='word_1_32' title='bbox 714 1023 874 1095; x_wconf 67' lang='lat' dir='ltr'><strong>Matouse</strong></span> <span class='ocrx_word' id='word_1_33' title='bbox 904 1033 1085 1111; x_wconf 85' lang='lat' dir='ltr'><strong>evangelia</strong></span> <span class='ocrx_word' id='word_1_34' title='bbox 1113 1032 1192 1112; x_wconf 84' lang='lat' dir='ltr'><strong>kap.</strong></span> <span class='ocrx_word' id='word_1_35' title='bbox 1215 1031 1335 1108; x_wconf 83' lang='lat' dir='ltr'>XXVI,</span> <span class='ocrx_word' id='word_1_36' title='bbox 1361 1031 1466 1093; x_wconf 88' lang='grc'><strong>1-36</strong></span> <span class='ocrx_word' id='word_1_37' title='bbox 1489 1029 1599 1112; x_wconf 71' lang='lat' dir='ltr'><strong>cesky&#39;</strong></span> <span class='ocrx_word' id='word_1_38' title='bbox 1621 1028 1767 1112; x_wconf 69' lang='lat' dir='ltr'><strong>pieklad</strong></span> 
     </span>
     <span class='ocr_line' id='line_1_6' title="bbox 361 1115 992 1198; baseline 0.005 -18"><span class='ocrx_word' id='word_1_39' title='bbox 361 1115 476 1198; x_wconf 63' lang='lat' dir='ltr'><strong>psany</strong></span> <span class='ocrx_word' id='word_1_40' title='bbox 497 1118 555 1182; x_wconf 89' lang='lat' dir='ltr'><strong>ok.</strong></span> <span class='ocrx_word' id='word_1_41' title='bbox 581 1118 664 1180; x_wconf 95' lang='grc'><strong>1400</strong></span> <span class='ocrx_word' id='word_1_42' title='bbox 687 1121 762 1193; x_wconf 87' lang='lat' dir='ltr'><strong>(bez</strong></span> <span class='ocrx_word' id='word_1_43' title='bbox 785 1116 992 1194; x_wconf 73' lang='lat' dir='ltr'><strong>zakondeni).</strong></span> 
     </span>
    </p>
   </div>
   <div class='ocr_carea' id='block_1_4' title="bbox 361 1226 1766 1718">
    <p class='ocr_par' dir='ltr' id='par_1_4' title="bbox 361 1226 1766 1718">
     <span class='ocr_line' id='line_1_7' title="bbox 470 1226 1763 1299; baseline -0.001 -17"><span class='ocrx_word' id='word_1_44' title='bbox 470 1226 621 1299; x_wconf 90' lang='lat' dir='ltr'><strong>Operculis</strong></span> <span class='ocrx_word' id='word_1_45' title='bbox 644 1227 774 1298; x_wconf 83' lang='lat' dir='ltr'><strong>adligata</strong></span> <span class='ocrx_word' id='word_1_46' title='bbox 796 1235 865 1283; x_wconf 91' lang='lat' dir='ltr'><strong>sunt</strong></span> <span class='ocrx_word' id='word_1_47' title='bbox 877 1230 937 1284; x_wconf 93' lang='lat' dir='ltr'><strong>duo</strong></span> <span class='ocrx_word' id='word_1_48' title='bbox 952 1228 1002 1284; x_wconf 87' lang='lat' dir='ltr'>iol.</span> <span class='ocrx_word' id='word_1_49' title='bbox 1027 1230 1146 1285; x_wconf 88' lang='lat' dir='ltr'><strong>membr.</strong></span> <span class='ocrx_word' id='word_1_50' title='bbox 1171 1228 1284 1283; x_wconf 90' lang='lat' dir='ltr'><strong>codicis</strong></span> <span class='ocrx_word' id='word_1_51' title='bbox 1308 1230 1464 1284; x_wconf 89' lang='lat' dir='ltr'><strong>cuiusdam</strong></span> <span class='ocrx_word' id='word_1_52' title='bbox 1487 1243 1566 1284; x_wconf 89' lang='lat' dir='ltr'><strong>saec.</strong></span> <span class='ocrx_word' id='word_1_53' title='bbox 1582 1226 1763 1282; x_wconf 87' lang='lat' dir='ltr'><strong>XllI-XIV</strong></span> 
     </span>
     <span class='ocr_line' id='line_1_8' title="bbox 362 1312 1766 1386; baseline 0.001 -18"><span class='ocrx_word' id='word_1_54' title='bbox 362 1330 474 1384; x_wconf 86' lang='lat' dir='ltr'><strong>argum.</strong></span> <span class='ocrx_word' id='word_1_55' title='bbox 498 1315 704 1386; x_wconf 88' lang='lat' dir='ltr'>philosophici.</span> <span class='ocrx_word' id='word_1_56' title='bbox 731 1312 765 1368; x_wconf 93' lang='lat' dir='ltr'><strong>In</strong></span> <span class='ocrx_word' id='word_1_57' title='bbox 788 1314 880 1370; x_wconf 82' lang='lat' dir='ltr'><strong>fronte</strong></span> <span class='ocrx_word' id='word_1_58' title='bbox 903 1330 999 1386; x_wconf 89' lang='lat' dir='ltr'><strong>super.</strong></span> <span class='ocrx_word' id='word_1_59' title='bbox 1023 1321 1141 1371; x_wconf 88' lang='lat' dir='ltr'><strong>notatur</strong></span> <span class='ocrx_word' id='word_1_60' title='bbox 1163 1330 1321 1386; x_wconf 85' lang='lat' dir='ltr'><strong>possessor</strong></span> <span class='ocrx_word' id='word_1_61' title='bbox 1343 1331 1432 1370; x_wconf 83' lang='lat' dir='ltr'><strong>manu</strong></span> <span class='ocrx_word' id='word_1_62' title='bbox 1456 1331 1535 1371; x_wconf 88' lang='lat' dir='ltr'><strong>saec.</strong></span> <span class='ocrx_word' id='word_1_63' title='bbox 1561 1313 1634 1370; x_wconf 91' lang='lat' dir='ltr'><strong>XV:</strong></span> <span class='ocrx_word' id='word_1_64' title='bbox 1662 1313 1766 1370; x_wconf 85' lang='lat' dir='ltr'><strong>»Liber</strong></span> 
     </span>
     <span class='ocr_line' id='line_1_9' title="bbox 361 1399 1765 1474; baseline 0.001 -20"><span class='ocrx_word' id='word_1_65' title='bbox 361 1399 479 1455; x_wconf 82' lang='lat' dir='ltr'><strong>Martini</strong></span> <span class='ocrx_word' id='word_1_66' title='bbox 502 1403 537 1455; x_wconf 91' lang='lat' dir='ltr'><strong>de</strong></span> <span class='ocrx_word' id='word_1_67' title='bbox 561 1399 703 1456; x_wconf 88' lang='lat' dir='ltr'><strong>Trziebon</strong></span> <span class='ocrx_word' id='word_1_68' title='bbox 726 1401 861 1456; x_wconf 82' lang='lat' dir='ltr'><strong>medici«</strong></span> <span class='ocrx_word' id='word_1_69' title='bbox 887 1401 920 1456; x_wconf 93' lang='lat' dir='ltr'><strong>ln</strong></span> <span class='ocrx_word' id='word_1_70' title='bbox 936 1401 985 1457; x_wconf 85' lang='lat' dir='ltr'>iol.</span> <span class='ocrx_word' id='word_1_71' title='bbox 1002 1409 1140 1474; x_wconf 92' lang='lat' dir='ltr'><strong>sequente</strong></span> <span class='ocrx_word' id='word_1_72' title='bbox 1164 1418 1223 1457; x_wconf 95' lang='lat' dir='ltr'><strong>non</strong></span> <span class='ocrx_word' id='word_1_73' title='bbox 1237 1417 1348 1459; x_wconf 89' lang='lat' dir='ltr'><strong>numer.</strong></span> <span class='ocrx_word' id='word_1_74' title='bbox 1366 1405 1491 1458; x_wconf 88' lang='lat' dir='ltr'><strong>occunit</strong></span> <span class='ocrx_word' id='word_1_75' title='bbox 1503 1403 1593 1457; x_wconf 87' lang='lat' dir='ltr'>index</span> <span class='ocrx_word' id='word_1_76' title='bbox 1609 1403 1765 1457; x_wconf 90' lang='lat' dir='ltr'><strong>cuiusdam</strong></span> 
     </span>
     <span class='ocr_line' id='line_1_10' title="bbox 361 1487 1763 1545; baseline 0.001 -3"><span class='ocrx_word' id='word_1_77' title='bbox 361 1489 426 1542; x_wconf 90' lang='lat' dir='ltr'>libri</span> <span class='ocrx_word' id='word_1_78' title='bbox 450 1487 632 1543; x_wconf 89' lang='lat' dir='ltr'><strong>medicinalis</strong></span> <span class='ocrx_word' id='word_1_79' title='bbox 656 1493 821 1542; x_wconf 76' lang='lat' dir='ltr'><strong>atrectatu</strong></span> <span class='ocrx_word' id='word_1_80' title='bbox 845 1489 946 1543; x_wconf 92' lang='lat' dir='ltr'><strong>codice</strong></span> <span class='ocrx_word' id='word_1_81' title='bbox 971 1494 1109 1545; x_wconf 88' lang='lat' dir='ltr'><strong>contento</strong></span> <span class='ocrx_word' id='word_1_82' title='bbox 1134 1491 1255 1543; x_wconf 92' lang='lat' dir='ltr'><strong>omnino</strong></span> <span class='ocrx_word' id='word_1_83' title='bbox 1279 1489 1396 1544; x_wconf 91' lang='lat' dir='ltr'><strong>diversi.</strong></span> <span class='ocrx_word' id='word_1_84' title='bbox 1420 1488 1453 1544; x_wconf 95' lang='lat' dir='ltr'><strong>ln</strong></span> <span class='ocrx_word' id='word_1_85' title='bbox 1477 1492 1580 1544; x_wconf 91' lang='lat' dir='ltr'><strong>eodem</strong></span> <span class='ocrx_word' id='word_1_86' title='bbox 1603 1488 1653 1544; x_wconf 89' lang='lat' dir='ltr'><strong>iol.</strong></span> <span class='ocrx_word' id='word_1_87' title='bbox 1678 1503 1763 1544; x_wconf 91' lang='lat' dir='ltr'><strong>verso</strong></span> 
     </span>
     <span class='ocr_line' id='line_1_11' title="bbox 362 1574 1764 1646; baseline 0.001 -18"><span class='ocrx_word' id='word_1_88' title='bbox 362 1575 577 1644; x_wconf 85' lang='lat' dir='ltr'><strong>adglutinaium</strong></span> <span class='ocrx_word' id='word_1_89' title='bbox 600 1581 647 1629; x_wconf 83' lang='lat' dir='ltr'><strong>esi</strong></span> <span class='ocrx_word' id='word_1_90' title='bbox 670 1574 784 1644; x_wconf 86' lang='lat' dir='ltr'>insigne</span> <span class='ocrx_word' id='word_1_91' title='bbox 807 1574 878 1630; x_wconf 93' lang='lat' dir='ltr'>bibl.</span> <span class='ocrx_word' id='word_1_92' title='bbox 909 1576 1143 1645; x_wconf 88' lang='lat' dir='ltr'><strong>Rosenbergicae</strong></span> <span class='ocrx_word' id='word_1_93' title='bbox 1174 1592 1200 1631; x_wconf 89' lang='lat' dir='ltr'><strong>a.</strong></span> <span class='ocrx_word' id='word_1_94' title='bbox 1229 1575 1319 1645; x_wconf 88' lang='grc'><strong>1609,</strong></span> <span class='ocrx_word' id='word_1_95' title='bbox 1345 1591 1380 1630; x_wconf 84' lang='lat' dir='ltr'><strong>ex</strong></span> <span class='ocrx_word' id='word_1_96' title='bbox 1405 1592 1465 1646; x_wconf 88' lang='lat' dir='ltr'><strong>qua</strong></span> <span class='ocrx_word' id='word_1_97' title='bbox 1495 1579 1589 1631; x_wconf 87' lang='lat' dir='ltr'><strong>codex</strong></span> <span class='ocrx_word' id='word_1_98' title='bbox 1613 1582 1713 1630; x_wconf 87' lang='lat' dir='ltr'><strong>noster</strong></span> <span class='ocrx_word' id='word_1_99' title='bbox 1734 1576 1764 1630; x_wconf 93' lang='lat' dir='ltr'><strong>in</strong></span> 
     </span>
     <span class='ocr_line' id='line_1_12' title="bbox 363 1659 934 1718; baseline 0.004 -2"><span class='ocrx_word' id='word_1_100' title='bbox 363 1661 572 1716; x_wconf 85' lang='lat' dir='ltr'><strong>monasterium</strong></span> <span class='ocrx_word' id='word_1_101' title='bbox 594 1659 781 1716; x_wconf 69' lang='lat' dir='ltr'><strong>Trebonense</strong></span> <span class='ocrx_word' id='word_1_102' title='bbox 806 1662 934 1718; x_wconf 85' lang='lat' dir='ltr'><strong>devenit.</strong></span> 
     </span>
    </p>
   </div>
   <div class='ocr_carea' id='block_1_5' title="bbox 362 1827 1763 2052">
    <p class='ocr_par' dir='ltr' id='par_1_5' title="bbox 362 1827 1763 2052">
     <span class='ocr_line' id='line_1_13' title="bbox 470 1827 1151 1910; baseline -0.007 -3"><span class='ocrx_word' id='word_1_103' title='bbox 470 1827 539 1910; x_wconf 85' lang='grc'><strong>180</strong></span> <span class='ocrx_word' id='word_1_104' title='bbox 957 1828 987 1904; x_wconf 90' lang='lat' dir='ltr'><strong>I.</strong></span> <span class='ocrx_word' id='word_1_105' title='bbox 1014 1829 1063 1904; x_wconf 87' lang='lat' dir='ltr'><strong>D.</strong></span> <span class='ocrx_word' id='word_1_106' title='bbox 1090 1830 1151 1905; x_wconf 86' lang='grc'><strong>40.</strong></span> 
     </span>
     <span class='ocr_line' id='line_1_14' title="bbox 362 1967 1763 2052; baseline 0 -22"><span class='ocrx_word' id='word_1_107' title='bbox 362 1969 471 2032; x_wconf 83' lang='lat' dir='ltr'><strong>chart.</strong></span> <span class='ocrx_word' id='word_1_108' title='bbox 492 1986 580 2030; x_wconf 85' lang='lat' dir='ltr'><strong>saec.</strong></span> <span class='ocrx_word' id='word_1_109' title='bbox 603 1967 728 2031; x_wconf 93' lang='lat' dir='ltr'><em>XVIII</em></span> <span class='ocrx_word' id='word_1_110' title='bbox 746 1969 790 2029; x_wconf 83' lang='lat' dir='ltr'><strong>r&#39;rr.</strong></span> <span class='ocrx_word' id='word_1_111' title='bbox 813 1970 861 2052; x_wconf 88' lang='lat' dir='ltr'><strong>ff.</strong></span> <span class='ocrx_word' id='word_1_112' title='bbox 886 1969 928 2031; x_wconf 74' lang='lat'><strong>49</strong></span> <span class='ocrx_word' id='word_1_113' title='bbox 943 1988 1047 2042; x_wconf 68' lang='lat' dir='ltr'><strong>num„</strong></span> <span class='ocrx_word' id='word_1_114' title='bbox 1069 1971 1109 2033; x_wconf 86' lang='grc'><strong>31</strong></span> <span class='ocrx_word' id='word_1_115' title='bbox 1128 1971 1214 2032; x_wconf 92' lang='grc'><strong>&gt;&lt;21</strong></span> <span class='ocrx_word' id='word_1_116' title='bbox 1232 1989 1295 2033; x_wconf 87' lang='lat' dir='ltr'><strong>cm.</strong></span> <span class='ocrx_word' id='word_1_117' title='bbox 1312 1975 1349 2032; x_wconf 85' lang='lat' dir='ltr'><strong>ut</strong></span> <span class='ocrx_word' id='word_1_118' title='bbox 1370 1970 1503 2031; x_wconf 84' lang='lat' dir='ltr'><strong>videtur</strong></span> <span class='ocrx_word' id='word_1_119' title='bbox 1517 1970 1763 2050; x_wconf 77' lang='lat' dir='ltr'><strong>autographus.</strong></span> 
     </span>
    </p>
   </div>
   <div class='ocr_carea' id='block_1_6' title="bbox 362 2090 1768 2516">
    <p class='ocr_par' dir='ltr' id='par_1_6' title="bbox 362 2090 1768 2516">
     <span class='ocr_line' id='line_1_15' title="bbox 469 2090 1768 2171; baseline -0.001 -18"><span class='ocrx_word' id='word_1_120' title='bbox 469 2090 720 2153; x_wconf 78' lang='lat' dir='ltr'><strong>Monosterium</strong></span> <span class='ocrx_word' id='word_1_121' title='bbox 743 2090 777 2155; x_wconf 89' lang='lat' dir='ltr'><strong>S.</strong></span> <span class='ocrx_word' id='word_1_122' title='bbox 799 2092 945 2170; x_wconf 81' lang='lat' dir='ltr'><strong>Agnetis</strong></span> <span class='ocrx_word' id='word_1_123' title='bbox 969 2109 1149 2154; x_wconf 86' lang='lat' dir='ltr'><strong>sacrarum</strong></span> <span class='ocrx_word' id='word_1_124' title='bbox 1171 2092 1348 2171; x_wconf 77' lang='lat' dir='ltr'><strong>virginum</strong></span> <span class='ocrx_word' id='word_1_125' title='bbox 1371 2091 1606 2154; x_wconf 83' lang='lat' dir='ltr'><strong>Clarissarum</strong></span> <span class='ocrx_word' id='word_1_126' title='bbox 1633 2091 1768 2154; x_wconf 88' lang='lat' dir='ltr'><strong>ordinis</strong></span> 
     </span>
     <span class='ocr_line' id='line_1_16' title="bbox 362 2177 1766 2257; baseline -0.001 -15"><span class='ocrx_word' id='word_1_127' title='bbox 362 2180 396 2242; x_wconf 93' lang='lat' dir='ltr'><strong>S.</strong></span> <span class='ocrx_word' id='word_1_128' title='bbox 429 2177 605 2240; x_wconf 88' lang='lat' dir='ltr'><strong>Francisci</strong></span> <span class='ocrx_word' id='word_1_129' title='bbox 637 2177 912 2257; x_wconf 70' lang='lat' dir='ltr'><strong>Vetere-Progne</strong></span> <span class='ocrx_word' id='word_1_130' title='bbox 943 2180 1150 2242; x_wconf 84' lang='lat' dir='ltr'><strong>describitur</strong></span> <span class='ocrx_word' id='word_1_131' title='bbox 1180 2196 1202 2241; x_wconf 83' lang='lat' dir='ltr'><strong>a</strong></span> <span class='ocrx_word' id='word_1_132' title='bbox 1229 2180 1367 2242; x_wconf 80' lang='lat' dir='ltr'><strong>Ioanne</strong></span> <span class='ocrx_word' id='word_1_133' title='bbox 1395 2179 1557 2241; x_wconf 84' lang='lat' dir='ltr'><strong>Floriano</strong></span> <span class='ocrx_word' id='word_1_134' title='bbox 1586 2178 1766 2240; x_wconf 78' lang='lat' dir='ltr'><strong>flammer-</strong></span> 
     </span>
     <span class='ocr_line' id='line_1_17' title="bbox 362 2264 1763 2344; baseline -0.002 -16"><span class='ocrx_word' id='word_1_135' title='bbox 362 2265 528 2328; x_wconf 89' lang='lat' dir='ltr'><strong>schmid.</strong></span> <span class='ocrx_word' id='word_1_136' title='bbox 553 2269 649 2327; x_wconf 86' lang='lat' dir='ltr'><strong>..in</strong></span> <span class='ocrx_word' id='word_1_137' title='bbox 679 2264 774 2343; x_wconf 89' lang='lat' dir='ltr'><strong>Teyn</strong></span> <span class='ocrx_word' id='word_1_138' title='bbox 807 2271 957 2344; x_wconf 88' lang='lat' dir='ltr'><strong>primario</strong></span> <span class='ocrx_word' id='word_1_139' title='bbox 979 2274 1103 2329; x_wconf 84' lang='lat' dir='ltr'><strong>curato</strong></span> <span class='ocrx_word' id='word_1_140' title='bbox 1135 2265 1304 2342; x_wconf 90' lang='lat' dir='ltr'><strong>(Continet</strong></span> <span class='ocrx_word' id='word_1_141' title='bbox 1324 2271 1425 2328; x_wconf 83' lang='lat' dir='ltr'><strong>vitam</strong></span> <span class='ocrx_word' id='word_1_142' title='bbox 1448 2266 1639 2327; x_wconf 79' lang='lat' dir='ltr'><strong>fundatricis</strong></span> <span class='ocrx_word' id='word_1_143' title='bbox 1663 2271 1695 2326; x_wconf 92' lang='lat' dir='ltr'><strong>et</strong></span> <span class='ocrx_word' id='word_1_144' title='bbox 1717 2266 1763 2325; x_wconf 85' lang='lat' dir='ltr'><strong>hi-</strong></span> 
     </span>
     <span class='ocr_line' id='line_1_18' title="bbox 363 2352 1766 2432; baseline -0.001 -20"><span class='ocrx_word' id='word_1_145' title='bbox 363 2357 497 2414; x_wconf 85' lang='lat' dir='ltr'><strong>storiam</strong></span> <span class='ocrx_word' id='word_1_146' title='bbox 531 2370 597 2413; x_wconf 95' lang='lat' dir='ltr'><strong>non</strong></span> <span class='ocrx_word' id='word_1_147' title='bbox 635 2352 742 2413; x_wconf 93' lang='lat' dir='ltr'><strong>solum</strong></span> <span class='ocrx_word' id='word_1_148' title='bbox 774 2358 961 2414; x_wconf 88' lang='lat' dir='ltr'><strong>monasterii</strong></span> <span class='ocrx_word' id='word_1_149' title='bbox 993 2355 1127 2432; x_wconf 88' lang='lat' dir='ltr'><strong>praelati</strong></span> <span class='ocrx_word' id='word_1_150' title='bbox 1160 2355 1219 2414; x_wconf 88' lang='lat' dir='ltr'><strong>sed</strong></span> <span class='ocrx_word' id='word_1_151' title='bbox 1243 2359 1340 2414; x_wconf 88' lang='lat' dir='ltr'><strong>etiam</strong></span> <span class='ocrx_word' id='word_1_152' title='bbox 1375 2357 1409 2428; x_wconf 89' lang='lat' dir='ltr'><strong>(a</strong></span> <span class='ocrx_word' id='word_1_153' title='bbox 1432 2353 1452 2414; x_wconf 89' lang='grc'><strong>1.</strong></span> <span class='ocrx_word' id='word_1_154' title='bbox 1476 2353 1534 2427; x_wconf 89' lang='grc'><strong>38)</strong></span> <span class='ocrx_word' id='word_1_155' title='bbox 1556 2352 1766 2432; x_wconf 83' lang='lat' dir='ltr'><strong>Ty&#39;necensrs</strong></span> 
     </span>
     <span class='ocr_line' id='line_1_19' title="bbox 363 2437 682 2516; baseline -0.006 -16"><span class='ocrx_word' id='word_1_156' title='bbox 363 2439 511 2501; x_wconf 89' lang='lat' dir='ltr'><strong>eiusdem</strong></span> <span class='ocrx_word' id='word_1_157' title='bbox 535 2437 682 2516; x_wconf 77' lang='lat' dir='ltr'><strong>ordinis)</strong></span> 
     </span>
    </p>
   </div>
   <div class='ocr_carea' id='block_1_7' title="bbox 470 2610 1156 2691">
    <p class='ocr_par' dir='ltr' id='par_1_7' title="bbox 470 2610 1156 2691">
     <span class='ocr_line' id='line_1_20' title="bbox 470 2610 1156 2691; baseline -0.007 0"><span class='ocrx_word' id='word_1_158' title='bbox 470 2610 527 2691; x_wconf 86' lang='grc'><strong>181</strong></span> <span class='ocrx_word' id='word_1_159' title='bbox 959 2612 989 2688; x_wconf 90' lang='lat' dir='ltr'><strong>I.</strong></span> <span class='ocrx_word' id='word_1_160' title='bbox 1016 2613 1066 2687; x_wconf 90' lang='lat' dir='ltr'><strong>D.</strong></span> <span class='ocrx_word' id='word_1_161' title='bbox 1094 2611 1156 2687; x_wconf 86' lang='grc'><strong>41.</strong></span> 
     </span>
    </p>
   </div>
   <div class='ocr_carea' id='block_1_8' title="bbox 363 2749 1363 2833">
    <p class='ocr_par' dir='ltr' id='par_1_8' title="bbox 363 2749 1363 2833">
     <span class='ocr_line' id='line_1_21' title="bbox 363 2749 1363 2833; baseline -0.003 -18"><span class='ocrx_word' id='word_1_162' title='bbox 363 2754 471 2816; x_wconf 87' lang='lat' dir='ltr'><strong>chart.</strong></span> <span class='ocrx_word' id='word_1_163' title='bbox 493 2768 579 2814; x_wconf 83' lang='lat' dir='ltr'><strong>saec.</strong></span> <span class='ocrx_word' id='word_1_164' title='bbox 603 2749 778 2833; x_wconf 87' lang='lat' dir='ltr'><em>XVIIIff.</em></span> <span class='ocrx_word' id='word_1_165' title='bbox 802 2751 867 2814; x_wconf 87' lang='grc'><strong>300</strong></span> <span class='ocrx_word' id='word_1_166' title='bbox 889 2768 994 2829; x_wconf 76' lang='lat' dir='ltr'><strong>nuru,</strong></span> <span class='ocrx_word' id='word_1_167' title='bbox 1017 2751 1159 2813; x_wconf 81' lang='grc'><strong>32)(21</strong></span> <span class='ocrx_word' id='word_1_168' title='bbox 1188 2769 1249 2813; x_wconf 84' lang='lat' dir='ltr'><strong>cm.</strong></span> <span class='ocrx_word' id='word_1_169' title='bbox 1273 2757 1291 2814; x_wconf 88' lang='grc'><strong>1</strong></span> <span class='ocrx_word' id='word_1_170' title='bbox 1316 2769 1363 2812; x_wconf 86' lang='lat' dir='ltr'><strong>m.</strong></span> 
     </span>
    </p>
   </div>
   <div class='ocr_carea' id='block_1_9' title="bbox 362 2870 1768 3474">
    <p class='ocr_par' dir='ltr' id='par_1_9' title="bbox 362 2870 1768 3474">
     <span class='ocr_line' id='line_1_22' title="bbox 467 2870 1768 2952; baseline -0.002 -16"><span class='ocrx_word' id='word_1_171' title='bbox 467 2873 662 2936; x_wconf 86' lang='lat' dir='ltr'><strong>Curiositas</strong></span> <span class='ocrx_word' id='word_1_172' title='bbox 685 2871 904 2951; x_wconf 81' lang='lat' dir='ltr'><strong>privilegiata</strong></span> <span class='ocrx_word' id='word_1_173' title='bbox 932 2873 969 2935; x_wconf 91' lang='lat' dir='ltr'><strong>in</strong></span> <span class='ocrx_word' id='word_1_174' title='bbox 999 2872 1139 2935; x_wconf 91' lang='lat' dir='ltr'><strong>Dudum</strong></span> <span class='ocrx_word' id='word_1_175' title='bbox 1169 2891 1233 2952; x_wconf 85' lang='lat' dir='ltr'><strong>pro</strong></span> <span class='ocrx_word' id='word_1_176' title='bbox 1255 2873 1376 2947; x_wconf 86' lang='lat' dir='ltr'><strong>Hodie,</strong></span> <span class='ocrx_word' id='word_1_177' title='bbox 1403 2888 1467 2934; x_wconf 89' lang='lat' dir='ltr'><strong>seu</strong></span> <span class='ocrx_word' id='word_1_178' title='bbox 1489 2870 1768 2934; x_wconf 85' lang='lat' dir='ltr'><strong>Dissertationes</strong></span> 
     </span>
     <span class='ocr_line' id='line_1_23' title="bbox 363 2957 1765 3041; baseline -0.003 -18"><span class='ocrx_word' id='word_1_179' title='bbox 363 2965 399 3024; x_wconf 88' lang='lat' dir='ltr'><strong>et</strong></span> <span class='ocrx_word' id='word_1_180' title='bbox 421 2961 644 3041; x_wconf 87' lang='lat' dir='ltr'><strong>quaestiones</strong></span> <span class='ocrx_word' id='word_1_181' title='bbox 667 2960 711 3021; x_wconf 93' lang='lat' dir='ltr'><strong>de</strong></span> <span class='ocrx_word' id='word_1_182' title='bbox 732 2959 909 3021; x_wconf 90' lang='lat' dir='ltr'><strong>universis</strong></span> <span class='ocrx_word' id='word_1_183' title='bbox 932 2959 1124 3038; x_wconf 85' lang='lat' dir='ltr'><strong>privilegiis</strong></span> <span class='ocrx_word' id='word_1_184' title='bbox 1147 2977 1168 3021; x_wconf 84' lang='lat' dir='ltr'><strong>a</strong></span> <span class='ocrx_word' id='word_1_185' title='bbox 1190 2959 1224 3025; x_wconf 86' lang='lat' dir='ltr'><strong>S.</strong></span> <span class='ocrx_word' id='word_1_186' title='bbox 1247 2959 1287 3022; x_wconf 88' lang='lat' dir='ltr'><strong>D.</strong></span> <span class='ocrx_word' id='word_1_187' title='bbox 1312 2959 1494 3022; x_wconf 82' lang='lat' dir='ltr'><strong>Clemente</strong></span> <span class='ocrx_word' id='word_1_188' title='bbox 1527 2957 1576 3019; x_wconf 90' lang='lat' dir='ltr'><strong>XI</strong></span> <span class='ocrx_word' id='word_1_189' title='bbox 1609 2959 1696 3020; x_wconf 91' lang='lat' dir='ltr'><strong>bulla</strong></span> <span class='ocrx_word' id='word_1_190' title='bbox 1720 2963 1765 3019; x_wconf 91' lang='lat' dir='ltr'><strong>in-</strong></span> 
     </span>
     <span class='ocr_line' id='line_1_24' title="bbox 364 3044 1765 3127; baseline 0.001 -17"><span class='ocrx_word' id='word_1_191' title='bbox 364 3054 500 3127; x_wconf 85' lang='lat' dir='ltr'><strong>cipiente</strong></span> <span class='ocrx_word' id='word_1_192' title='bbox 524 3047 658 3108; x_wconf 91' lang='lat' dir='ltr'><strong>Dudum</strong></span> <span class='ocrx_word' id='word_1_193' title='bbox 682 3047 732 3106; x_wconf 92' lang='lat' dir='ltr'><strong>die</strong></span> <span class='ocrx_word' id='word_1_194' title='bbox 757 3046 797 3106; x_wconf 88' lang='lat'><strong>27</strong></span> <span class='ocrx_word' id='word_1_195' title='bbox 821 3045 925 3108; x_wconf 86' lang='lat' dir='ltr'><strong>Martii</strong></span> <span class='ocrx_word' id='word_1_196' title='bbox 948 3064 977 3110; x_wconf 87' lang='lat' dir='ltr'><strong>a.</strong></span> <span class='ocrx_word' id='word_1_197' title='bbox 1006 3047 1132 3110; x_wconf 84' lang='lat'>1715..</span> <span class='ocrx_word' id='word_1_198' title='bbox 1151 3046 1359 3110; x_wconf 78' lang='lat' dir='ltr'><strong>‚vicariatui</strong></span> <span class='ocrx_word' id='word_1_199' title='bbox 1381 3045 1555 3119; x_wconf 69' lang='lat' dir='ltr'><strong>Bodmiae,</strong></span> <span class='ocrx_word' id='word_1_200' title='bbox 1577 3044 1765 3112; x_wconf 80' lang='lat' dir='ltr'><strong>Moraviac.</strong></span> 
     </span>
     <span class='ocr_line' id='line_1_25' title="bbox 362 3132 1766 3214; baseline -0.006 -16"><span class='ocrx_word' id='word_1_201' title='bbox 362 3136 552 3214; x_wconf 83' lang='lat' dir='ltr'><strong>Utriusque</strong></span> <span class='ocrx_word' id='word_1_202' title='bbox 573 3132 738 3195; x_wconf 84' lang='lat' dir='ltr'><strong>Lusatiae</strong></span> <span class='ocrx_word' id='word_1_203' title='bbox 770 3134 959 3209; x_wconf 88' lang='lat' dir='ltr'><strong>concessis,</strong></span> <span class='ocrx_word' id='word_1_204' title='bbox 990 3140 1022 3195; x_wconf 95' lang='lat' dir='ltr'><strong>in</strong></span> <span class='ocrx_word' id='word_1_205' title='bbox 1054 3136 1173 3212; x_wconf 88' lang='lat' dir='ltr'><strong>quibus</strong></span> <span class='ocrx_word' id='word_1_206' title='bbox 1191 3183 1198 3197; x_wconf 94' lang='lat'><em>.</em></span> <span class='ocrx_word' id='word_1_207' title='bbox 1215 3183 1249 3196; x_wconf 92' lang='lat'><strong>..</strong></span> <span class='ocrx_word' id='word_1_208' title='bbox 1274 3133 1503 3212; x_wconf 76' lang='lat' dir='ltr'><strong>expenduntur</strong></span> <span class='ocrx_word' id='word_1_209' title='bbox 1525 3134 1766 3211; x_wconf 86' lang='lat' dir='ltr'><strong>privilegia...</strong></span> 
     </span>
     <span class='ocr_line' id='line_1_26' title="bbox 365 3219 1766 3296; baseline -0.002 -13"><span class='ocrx_word' id='word_1_210' title='bbox 365 3223 485 3285; x_wconf 83' lang='lat' dir='ltr'><strong>sord.</strong></span> <span class='ocrx_word' id='word_1_211' title='bbox 510 3219 736 3282; x_wconf 86' lang='lat' dir='ltr'><strong>Cisterciensis</strong></span> <span class='ocrx_word' id='word_1_212' title='bbox 770 3237 809 3282; x_wconf 91' lang='lat' dir='ltr'><strong>ac</strong></span> <span class='ocrx_word' id='word_1_213' title='bbox 842 3221 1050 3285; x_wconf 86' lang='lat' dir='ltr'><strong>aliorum...</strong></span> <span class='ocrx_word' id='word_1_214' title='bbox 1076 3223 1238 3296; x_wconf 92' lang='lat' dir='ltr'><strong>ordinum,</strong></span> <span class='ocrx_word' id='word_1_215' title='bbox 1273 3226 1368 3282; x_wconf 88' lang='lat' dir='ltr'><strong>cuius</strong></span> <span class='ocrx_word' id='word_1_216' title='bbox 1403 3220 1500 3280; x_wconf 91' lang='lat' dir='ltr'><strong>hodie</strong></span> <span class='ocrx_word' id='word_1_217' title='bbox 1536 3224 1602 3279; x_wconf 88' lang='lat' dir='ltr'><strong>sint</strong></span> <span class='ocrx_word' id='word_1_218' title='bbox 1634 3220 1766 3280; x_wconf 89' lang='lat' dir='ltr'><strong>valoris.</strong></span> 
     </span>
     <span class='ocr_line' id='line_1_27' title="bbox 365 3305 1767 3387; baseline -0.003 -17"><span class='ocrx_word' id='word_1_219' title='bbox 365 3310 443 3370; x_wconf 91' lang='lat' dir='ltr'><strong>Pars</strong></span> <span class='ocrx_word' id='word_1_220' title='bbox 467 3313 570 3387; x_wconf 84' lang='lat' dir='ltr'><strong>prima</strong></span> <span class='ocrx_word' id='word_1_221' title='bbox 586 3355 593 3368; x_wconf 92' lang='lat'><strong>.</strong></span> <span class='ocrx_word' id='word_1_222' title='bbox 611 3355 645 3368; x_wconf 90' lang='lat'><strong>..</strong></span> <span class='ocrx_word' id='word_1_223' title='bbox 668 3307 814 3368; x_wconf 86' lang='lat' dir='ltr'><strong>Authore</strong></span> <span class='ocrx_word' id='word_1_224' title='bbox 837 3306 872 3368; x_wconf 88' lang='lat' dir='ltr'><strong>F.</strong></span> <span class='ocrx_word' id='word_1_225' title='bbox 896 3306 1085 3371; x_wconf 87' lang='lat' dir='ltr'><strong>Benedicto</strong></span> <span class='ocrx_word' id='word_1_226' title='bbox 1107 3308 1267 3387; x_wconf 86' lang='lat' dir='ltr'><strong>Scheppl,</strong></span> <span class='ocrx_word' id='word_1_227' title='bbox 1299 3308 1368 3368; x_wconf 92' lang='lat' dir='ltr'><strong>ord.</strong></span> <span class='ocrx_word' id='word_1_228' title='bbox 1401 3305 1536 3368; x_wconf 90' lang='lat' dir='ltr'><strong>Cisterc.</strong></span> <span class='ocrx_word' id='word_1_229' title='bbox 1561 3311 1702 3367; x_wconf 86' lang='lat' dir='ltr'><strong>monast.</strong></span> <span class='ocrx_word' id='word_1_230' title='bbox 1727 3306 1767 3366; x_wconf 91' lang='lat' dir='ltr'><strong>de</strong></span> 
     </span>
     <span class='ocr_line' id='line_1_28' title="bbox 365 3395 888 3474; baseline -0.004 -17"><span class='ocrx_word' id='word_1_231' title='bbox 365 3395 457 3457; x_wconf 87' lang='lat' dir='ltr'><strong>Plass</strong></span> <span class='ocrx_word' id='word_1_232' title='bbox 481 3395 632 3474; x_wconf 80' lang='lat' dir='ltr'><strong>professo</strong></span> <span class='ocrx_word' id='word_1_233' title='bbox 656 3400 688 3456; x_wconf 90' lang='lat' dir='ltr'><strong>et</strong></span> <span class='ocrx_word' id='word_1_234' title='bbox 710 3398 888 3473; x_wconf 88' lang='lat' dir='ltr'><strong>suppriore.</strong></span> 
     </span>
    </p>
   </div>
   <div class='ocr_carea' id='block_1_10' title="bbox 364 3497 1768 3646">
    <p class='ocr_par' dir='ltr' id='par_1_10' title="bbox 364 3497 1768 3646">
     <span class='ocr_line' id='line_1_29' title="bbox 468 3497 1768 3576; baseline -0.001 -18"><span class='ocrx_word' id='word_1_235' title='bbox 468 3504 587 3574; x_wconf 81' lang='lat' dir='ltr'><strong>(Annus</strong></span> <span class='ocrx_word' id='word_1_236' title='bbox 610 3503 730 3558; x_wconf 88' lang='lat' dir='ltr'><strong>ultimus</strong></span> <span class='ocrx_word' id='word_1_237' title='bbox 754 3504 893 3572; x_wconf 90' lang='lat' dir='ltr'><strong>inopere</strong></span> <span class='ocrx_word' id='word_1_238' title='bbox 917 3510 1163 3559; x_wconf 87' lang='lat' dir='ltr'><strong>commemoratus</strong></span> <span class='ocrx_word' id='word_1_239' title='bbox 1186 3510 1231 3559; x_wconf 89' lang='lat' dir='ltr'><strong>est</strong></span> <span class='ocrx_word' id='word_1_240' title='bbox 1258 3497 1363 3576; x_wconf 85' lang='grc'><strong>1742.)</strong></span> <span class='ocrx_word' id='word_1_241' title='bbox 1388 3501 1456 3556; x_wconf 88' lang='lat' dir='ltr'><strong>Sine</strong></span> <span class='ocrx_word' id='word_1_242' title='bbox 1480 3501 1573 3556; x_wconf 92' lang='lat' dir='ltr'><strong>dubio</strong></span> <span class='ocrx_word' id='word_1_243' title='bbox 1598 3517 1613 3556; x_wconf 92' lang='lat' dir='ltr'><strong>e</strong></span> <span class='ocrx_word' id='word_1_244' title='bbox 1635 3505 1768 3557; x_wconf 85' lang='lat' dir='ltr'><strong>monast.</strong></span> 
     </span>
     <span class='ocr_line' id='line_1_30' title="bbox 364 3591 525 3646; baseline 0.006 -1"><span class='ocrx_word' id='word_1_245' title='bbox 364 3591 525 3646; x_wconf 86' lang='lat' dir='ltr'><strong>Plassensi.</strong></span> 
     </span>
    </p>
   </div>
   <div class='ocr_carea' id='block_1_11' title="bbox 471 3757 1157 3841">
    <p class='ocr_par' dir='ltr' id='par_1_11' title="bbox 471 3757 1157 3841">
     <span class='ocr_line' id='line_1_31' title="bbox 471 3757 1157 3841; baseline -0.012 -2"><span class='ocrx_word' id='word_1_246' title='bbox 471 3760 541 3841; x_wconf 85' lang='grc'><strong>182</strong></span> <span class='ocrx_word' id='word_1_247' title='bbox 962 3757 992 3833; x_wconf 89' lang='lat' dir='ltr'><strong>I.</strong></span> <span class='ocrx_word' id='word_1_248' title='bbox 1019 3759 1068 3833; x_wconf 90' lang='lat' dir='ltr'><strong>D.</strong></span> <span class='ocrx_word' id='word_1_249' title='bbox 1095 3758 1157 3832; x_wconf 86' lang='grc'><strong>42.</strong></span> 
     </span>
    </p>
   </div>
   <div class='ocr_carea' id='block_1_12' title="bbox 366 3900 1193 3984">
    <p class='ocr_par' dir='ltr' id='par_1_12' title="bbox 366 3900 1193 3984">
     <span class='ocr_line' id='line_1_32' title="bbox 366 3900 1193 3984; baseline -0.005 -20"><span class='ocrx_word' id='word_1_250' title='bbox 366 3903 473 3965; x_wconf 81' lang='lat' dir='ltr'><strong>chart.</strong></span> <span class='ocrx_word' id='word_1_251' title='bbox 496 3918 584 3963; x_wconf 84' lang='lat' dir='ltr'><strong>saec.</strong></span> <span class='ocrx_word' id='word_1_252' title='bbox 607 3901 646 3964; x_wconf 89' lang='lat' dir='ltr'><em>X</em></span> <span class='ocrx_word' id='word_1_253' title='bbox 650 3900 678 3961; x_wconf 91' lang='lat' dir='ltr'><em>V</em></span> <span class='ocrx_word' id='word_1_254' title='bbox 683 3901 731 3984; x_wconf 89' lang='lat' dir='ltr'><strong>ff.</strong></span> <span class='ocrx_word' id='word_1_255' title='bbox 754 3901 828 3976; x_wconf 83' lang='grc'><strong>250,</strong></span> <span class='ocrx_word' id='word_1_256' title='bbox 852 3903 892 3963; x_wconf 81' lang='grc'><strong>31</strong></span> <span class='ocrx_word' id='word_1_257' title='bbox 908 3903 939 3958; x_wconf 91' lang='grc'><strong>&gt;&lt;</strong></span> <span class='ocrx_word' id='word_1_258' title='bbox 952 3901 992 3962; x_wconf 92' lang='grc'><strong>21</strong></span> <span class='ocrx_word' id='word_1_259' title='bbox 1018 3918 1081 3961; x_wconf 80' lang='lat' dir='ltr'><strong>cor.</strong></span> <span class='ocrx_word' id='word_1_260' title='bbox 1106 3902 1123 3961; x_wconf 96' lang='grc'><strong>1</strong></span> <span class='ocrx_word' id='word_1_261' title='bbox 1148 3917 1193 3960; x_wconf 93' lang='lat' dir='ltr'><strong>m.</strong></span> 
     </span>
    </p>
   </div>
   <div class='ocr_carea' id='block_1_13' title="bbox 666 4020 1464 4098">
    <p class='ocr_par' dir='ltr' id='par_1_13' title="bbox 666 4020 1464 4098">
     <span class='ocr_line' id='line_1_33' title="bbox 666 4020 1464 4098; baseline -0.011 -10"><span class='ocrx_word' id='word_1_262' title='bbox 666 4026 809 4088; x_wconf 85' lang='lat' dir='ltr'><strong>Missale</strong></span> <span class='ocrx_word' id='word_1_263' title='bbox 832 4024 1025 4087; x_wconf 89' lang='lat' dir='ltr'><strong>secundum</strong></span> <span class='ocrx_word' id='word_1_264' title='bbox 1047 4022 1220 4084; x_wconf 85' lang='lat' dir='ltr'><strong>rubricam</strong></span> <span class='ocrx_word' id='word_1_265' title='bbox 1242 4020 1464 4098; x_wconf 84' lang='lat' dir='ltr'><strong>Pragensem.</strong></span> 
     </span>
    </p>
   </div>
   <div class='ocr_carea' id='block_1_14' title="bbox 365 4125 1768 4381">
    <p class='ocr_par' dir='ltr' id='par_1_14' title="bbox 365 4125 1768 4381">
     <span class='ocr_line' id='line_1_34' title="bbox 469 4125 1768 4203; baseline -0.008 -13"><span class='ocrx_word' id='word_1_266' title='bbox 469 4135 500 4194; x_wconf 89' lang='lat' dir='ltr'><strong>F.</strong></span> <span class='ocrx_word' id='word_1_267' title='bbox 528 4137 540 4190; x_wconf 98' lang='lat' dir='ltr'><strong>l</strong></span> <span class='ocrx_word' id='word_1_268' title='bbox 568 4141 596 4190; x_wconf 91' lang='lat' dir='ltr'><strong>et</strong></span> <span class='ocrx_word' id='word_1_269' title='bbox 616 4134 644 4191; x_wconf 88' lang='grc'><strong>11.</strong></span> <span class='ocrx_word' id='word_1_270' title='bbox 670 4133 730 4189; x_wconf 88' lang='grc'><strong>232</strong></span> <span class='ocrx_word' id='word_1_271' title='bbox 755 4148 817 4203; x_wconf 91' lang='lat' dir='ltr'><strong>seq.</strong></span> <span class='ocrx_word' id='word_1_272' title='bbox 841 4131 995 4187; x_wconf 86' lang='lat' dir='ltr'><strong>recentiori</strong></span> <span class='ocrx_word' id='word_1_273' title='bbox 1020 4146 1108 4186; x_wconf 90' lang='lat' dir='ltr'><strong>manu</strong></span> <span class='ocrx_word' id='word_1_274' title='bbox 1132 4131 1241 4200; x_wconf 84' lang='lat' dir='ltr'><strong>scripta</strong></span> <span class='ocrx_word' id='word_1_275' title='bbox 1252 4143 1316 4183; x_wconf 91' lang='lat' dir='ltr'><strong>esse</strong></span> <span class='ocrx_word' id='word_1_276' title='bbox 1331 4129 1476 4196; x_wconf 88' lang='lat' dir='ltr'><strong>videntur,</strong></span> <span class='ocrx_word' id='word_1_277' title='bbox 1489 4130 1518 4182; x_wconf 94' lang='lat' dir='ltr'><strong>in</strong></span> <span class='ocrx_word' id='word_1_278' title='bbox 1543 4127 1571 4182; x_wconf 83' lang='lat' dir='ltr'><strong>ii.</strong></span> <span class='ocrx_word' id='word_1_279' title='bbox 1598 4125 1768 4181; x_wconf 85' lang='grc'><strong>234-245</strong></span> 
     </span>
     <span class='ocr_line' id='line_1_35' title="bbox 365 4212 1767 4280; baseline -0.009 0"><span class='ocrx_word' id='word_1_280' title='bbox 365 4229 434 4280; x_wconf 85' lang='lat' dir='ltr'><strong>sunt</strong></span> <span class='ocrx_word' id='word_1_281' title='bbox 457 4230 544 4279; x_wconf 89' lang='lat' dir='ltr'><strong>notae</strong></span> <span class='ocrx_word' id='word_1_282' title='bbox 565 4221 706 4276; x_wconf 87' lang='lat' dir='ltr'><strong>musicae.</strong></span> <span class='ocrx_word' id='word_1_283' title='bbox 730 4218 762 4274; x_wconf 91' lang='lat' dir='ltr'><strong>In</strong></span> <span class='ocrx_word' id='word_1_284' title='bbox 787 4219 806 4275; x_wconf 87' lang='grc'><strong>1.</strong></span> <span class='ocrx_word' id='word_1_285' title='bbox 832 4212 910 4274; x_wconf 74' lang='lat' dir='ltr'><strong>250h</strong></span> <span class='ocrx_word' id='word_1_286' title='bbox 934 4219 989 4274; x_wconf 83' lang='lat' dir='ltr'><strong>hae</strong></span> <span class='ocrx_word' id='word_1_287' title='bbox 1014 4223 1099 4272; x_wconf 89' lang='lat' dir='ltr'><strong>notae</strong></span> <span class='ocrx_word' id='word_1_288' title='bbox 1123 4221 1299 4274; x_wconf 85' lang='lat' dir='ltr'><strong>occurrunt:</strong></span> <span class='ocrx_word' id='word_1_289' title='bbox 1337 4215 1390 4272; x_wconf 82' lang='lat' dir='ltr'><strong>»A.</strong></span> <span class='ocrx_word' id='word_1_290' title='bbox 1423 4217 1452 4270; x_wconf 90' lang='lat' dir='ltr'><strong>d.</strong></span> <span class='ocrx_word' id='word_1_291' title='bbox 1482 4213 1560 4269; x_wconf 87' lang='grc'><strong>1425</strong></span> <span class='ocrx_word' id='word_1_292' title='bbox 1592 4213 1665 4269; x_wconf 93' lang='lat' dir='ltr'><strong>obiit</strong></span> <span class='ocrx_word' id='word_1_293' title='bbox 1688 4214 1767 4267; x_wconf 88' lang='lat' dir='ltr'><strong>dom.</strong></span> 
     </span>
     <span class='ocr_line' id='line_1_36' title="bbox 365 4299 1767 4381; baseline -0.009 -15"><span class='ocrx_word' id='word_1_294' title='bbox 365 4310 465 4367; x_wconf 87' lang='lat' dir='ltr'><strong>Welik</strong></span> <span class='ocrx_word' id='word_1_295' title='bbox 488 4311 657 4381; x_wconf 84' lang='lat' dir='ltr'><strong>capellanus</strong></span> <span class='ocrx_word' id='word_1_296' title='bbox 681 4310 716 4362; x_wconf 91' lang='lat' dir='ltr'><strong>de</strong></span> <span class='ocrx_word' id='word_1_297' title='bbox 739 4307 858 4376; x_wconf 86' lang='lat' dir='ltr'><strong>Ugezd.</strong></span> <span class='ocrx_word' id='word_1_298' title='bbox 878 4349 909 4363; x_wconf 92' lang='lat'><strong>..</strong></span> <span class='ocrx_word' id='word_1_299' title='bbox 935 4321 1013 4360; x_wconf 87' lang='lat' dir='ltr'><strong>anno</strong></span> <span class='ocrx_word' id='word_1_300' title='bbox 1037 4306 1140 4359; x_wconf 91' lang='lat' dir='ltr'><strong>eodem</strong></span> <span class='ocrx_word' id='word_1_301' title='bbox 1163 4303 1236 4358; x_wconf 86' lang='lat' dir='ltr'><strong>obiit</strong></span> <span class='ocrx_word' id='word_1_302' title='bbox 1259 4305 1288 4359; x_wconf 93' lang='lat' dir='ltr'><strong>d.</strong></span> <span class='ocrx_word' id='word_1_303' title='bbox 1312 4301 1464 4358; x_wconf 84' lang='lat' dir='ltr'><strong>lohannes</strong></span> <span class='ocrx_word' id='word_1_304' title='bbox 1488 4300 1573 4356; x_wconf 91' lang='lat' dir='ltr'><strong>Floss</strong></span> <span class='ocrx_word' id='word_1_305' title='bbox 1596 4299 1767 4372; x_wconf 86' lang='lat' dir='ltr'><strong>capellanus</strong></span> 
     </span>
    </p>
   </div>
   <div class='ocr_carea' id='block_1_15' title="bbox 366 4399 621 4469">
    <p class='ocr_par' dir='ltr' id='par_1_15' title="bbox 366 4399 621 4469">
     <span class='ocr_line' id='line_1_37' title="bbox 366 4399 621 4469; baseline -0.027 -15"><span class='ocrx_word' id='word_1_306' title='bbox 366 4402 402 4454; x_wconf 94' lang='lat' dir='ltr'><strong>de</strong></span> <span class='ocrx_word' id='word_1_307' title='bbox 428 4399 621 4469; x_wconf 83' lang='lat' dir='ltr'><strong>Wodnyan.«</strong></span> 
     </span>
    </p>
   </div>
   <div class='ocr_carea' id='block_1_16' title="bbox 472 4559 1170 4647">
    <p class='ocr_par' dir='ltr' id='par_1_16' title="bbox 472 4559 1170 4647">
     <span class='ocr_line' id='line_1_38' title="bbox 472 4559 1170 4647; baseline -0.007 -10"><span class='ocrx_word' id='word_1_308' title='bbox 472 4566 542 4647; x_wconf 86' lang='grc'><strong>183</strong></span> <span class='ocrx_word' id='word_1_309' title='bbox 976 4560 1007 4636; x_wconf 90' lang='lat' dir='ltr'><strong>I.</strong></span> <span class='ocrx_word' id='word_1_310' title='bbox 1034 4560 1083 4634; x_wconf 89' lang='lat' dir='ltr'><strong>D.</strong></span> <span class='ocrx_word' id='word_1_311' title='bbox 1110 4559 1170 4633; x_wconf 76' lang='lat'><strong>43.</strong></span> 
     </span>
    </p>
   </div>
   <div class='ocr_carea' id='block_1_17' title="bbox 366 4697 1611 4787">
    <p class='ocr_par' dir='ltr' id='par_1_17' title="bbox 366 4697 1611 4787">
     <span class='ocr_line' id='line_1_39' title="bbox 366 4697 1611 4787; baseline -0.011 -18"><span class='ocrx_word' id='word_1_312' title='bbox 366 4708 473 4769; x_wconf 80' lang='lat' dir='ltr'><strong>chart.</strong></span> <span class='ocrx_word' id='word_1_313' title='bbox 495 4706 603 4768; x_wconf 85' lang='lat' dir='ltr'><strong>scribi</strong></span> <span class='ocrx_word' id='word_1_314' title='bbox 624 4709 754 4787; x_wconf 82' lang='lat' dir='ltr'><strong>coeptus</strong></span> <span class='ocrx_word' id='word_1_315' title='bbox 776 4722 808 4765; x_wconf 86' lang='lat' dir='ltr'><strong>a.</strong></span> <span class='ocrx_word' id='word_1_316' title='bbox 843 4702 939 4778; x_wconf 78' lang='lat'><strong>1403,</strong></span> <span class='ocrx_word' id='word_1_317' title='bbox 962 4701 1010 4783; x_wconf 88' lang='lat' dir='ltr'><strong>ff.</strong></span> <span class='ocrx_word' id='word_1_318' title='bbox 1034 4700 1099 4762; x_wconf 82' lang='lat'><strong>226</strong></span> <span class='ocrx_word' id='word_1_319' title='bbox 1121 4717 1227 4773; x_wconf 77' lang='lat' dir='ltr'><strong>num,</strong></span> <span class='ocrx_word' id='word_1_320' title='bbox 1250 4699 1394 4762; x_wconf 79' lang='lat'>28&gt;&lt;22</span> <span class='ocrx_word' id='word_1_321' title='bbox 1423 4715 1487 4760; x_wconf 87' lang='lat' dir='ltr'><strong>cm.</strong></span> <span class='ocrx_word' id='word_1_322' title='bbox 1511 4697 1542 4758; x_wconf 87' lang='lat' dir='ltr'><strong>d.</strong></span> <span class='ocrx_word' id='word_1_323' title='bbox 1567 4713 1611 4756; x_wconf 86' lang='lat' dir='ltr'><strong>m.</strong></span> 
     </span>
    </p>
   </div>
   <div class='ocr_carea' id='block_1_18' title="bbox 365 4821 1772 4979">
    <p class='ocr_par' dir='ltr' id='par_1_18' title="bbox 365 4821 1772 4979">
     <span class='ocr_line' id='line_1_40' title="bbox 471 4821 1772 4906; baseline -0.011 -16"><span class='ocrx_word' id='word_1_324' title='bbox 471 4829 491 4892; x_wconf 89' lang='grc'><strong>1.</strong></span> <span class='ocrx_word' id='word_1_325' title='bbox 520 4830 550 4889; x_wconf 87' lang='grc'><strong>1·</strong></span> <span class='ocrx_word' id='word_1_326' title='bbox 572 4827 675 4890; x_wconf 88' lang='lat' dir='ltr'><strong>Notae</strong></span> <span class='ocrx_word' id='word_1_327' title='bbox 699 4829 861 4906; x_wconf 87' lang='lat' dir='ltr'><strong>quaedam</strong></span> <span class='ocrx_word' id='word_1_328' title='bbox 884 4827 1066 4904; x_wconf 87' lang='lat' dir='ltr'><strong>argumenti</strong></span> <span class='ocrx_word' id='word_1_329' title='bbox 1090 4823 1273 4900; x_wconf 90' lang='lat' dir='ltr'><strong>theologici,</strong></span> <span class='ocrx_word' id='word_1_330' title='bbox 1309 4838 1393 4899; x_wconf 88' lang='lat' dir='ltr'><strong>quae</strong></span> <span class='ocrx_word' id='word_1_331' title='bbox 1428 4823 1504 4880; x_wconf 90' lang='lat' dir='ltr'><strong>item</strong></span> <span class='ocrx_word' id='word_1_332' title='bbox 1540 4821 1772 4879; x_wconf 87' lang='lat' dir='ltr'><strong>continuantur</strong></span> 
     </span>
     <span class='ocr_line' id='line_1_41' title="bbox 365 4916 770 4979; baseline 0 -1"><span class='ocrx_word' id='word_1_333' title='bbox 365 4923 399 4979; x_wconf 94' lang='lat' dir='ltr'><strong>in</strong></span> <span class='ocrx_word' id='word_1_334' title='bbox 423 4916 476 4978; x_wconf 90' lang='lat' dir='ltr'>iol.</span> <span class='ocrx_word' id='word_1_335' title='bbox 501 4917 624 4978; x_wconf 89' lang='lat' dir='ltr'><strong>codicis</strong></span> <span class='ocrx_word' id='word_1_336' title='bbox 647 4917 770 4978; x_wconf 85' lang='lat' dir='ltr'><strong>ultimo</strong></span> 
     </span>
    </p>
   </div>
   <div class='ocr_carea' id='block_1_19' title="bbox 472 5017 969 5084">
    <p class='ocr_par' dir='ltr' id='par_1_19' title="bbox 472 5017 969 5084">
     <span class='ocr_line' id='line_1_42' title="bbox 472 5017 969 5084; baseline -0.008 -2"><span class='ocrx_word' id='word_1_337' title='bbox 472 5022 491 5084; x_wconf 88' lang='lat' dir='ltr'><strong>i.</strong></span> <span class='ocrx_word' id='word_1_338' title='bbox 521 5017 753 5082; x_wconf 73' lang='lat' dir='ltr'><strong>ib-2bSerm0</strong></span> <span class='ocrx_word' id='word_1_339' title='bbox 777 5020 817 5080; x_wconf 91' lang='lat' dir='ltr'><strong>de</strong></span> <span class='ocrx_word' id='word_1_340' title='bbox 841 5020 969 5078; x_wconf 77' lang='lat' dir='ltr'><strong>ieiunio,</strong></span> 
     </span>
    </p>
   </div>
   <div class='ocr_carea' id='block_1_20' title="bbox 0 0 2010 5956">
    <p class='ocr_par' dir='ltr' id='par_1_20' title="bbox 0 0 2010 5956">
     <span class='ocr_line' id='line_1_43' title="bbox 0 0 2010 5956; baseline 0 0"><span class='ocrx_word' id='word_1_341' title='bbox 0 0 2010 5956; x_wconf 95' lang='lat' dir='ltr'><strong> </strong></span> 
     </span>
    </p>
   </div>
  </div>
 </body>
</html>
