4046 5972
1038 479 1080 540 49

468 690 490 751 1.
513 683 902 750 4151-4221111116116111
924 687 1027 748 Liber
1048 702 1337 766 synonymorum.
1378 686 1429 746 »ln
1454 687 1668 764 subsequenti
1698 686 1761 746 hoc

361 779 440 838 libro
458 777 677 838 ....Anima
700 792 774 836 mea
797 780 828 836 in
852 779 1026 852 angustiis·
1057 776 1089 828 ><
1118 773 1228 852 »Expi
1262 774 1340 834 liber
1363 789 1626 852 synonymorum
1651 774 1681 832 b.
1706 771 1761 832 lsi-

362 865 430 924 dori
454 864 644 940 archiepisc.
669 861 903 939 Hispalensis«

470 967 491 1027 1.
515 962 720 1026 4221—424l
740 966 772 1027 S.
796 964 963 1027 Bernardi
985 964 1167 1025 Tractatus
1189 963 1232 1024 de
1255 961 1406 1024 formula
1427 960 1521 1023 vitae
1543 961 1621 1024 sive
1644 963 1685 1024 de
1701 979 1763 1023 no-

362 1053 469 1115 vitiis.
498 1053 601 1113 »Petis
624 1071 644 1112 a
667 1070 729 1125 me,
755 1052 851 1113 frater
872 1057 1057 1112 carissime«
1086 1053 1118 1106 ><
1145 1055 1218 1129 »qui
1242 1049 1377 1127 diligunt
1400 1065 1505 1109 eum«

471 1157 491 1218 1.
515 1154 720 1217 4241-4291
739 1156 904 1220 Eiusdem
926 1154 1108 1216 Tractatus
1132 1155 1175 1214 ad
1197 1169 1357 1215 sororem
1389 1151 1627 1215 scolasticam.
1675 1149 1763 1211 »Tue

363 1262 429 1305 non
453 1249 625 1305 immemor
647 1248 835 1322 peticionis·
862 1245 894 1300 ><
923 1241 1032 1320 »Expl
1068 1247 1157 1302 tract.
1194 1246 1254 1301 etc.
1278 1239 1390 1300 finitus
1414 1239 1470 1300 ler.
1495 1238 1546 1300 IV.
1571 1239 1653 1299 inira
1676 1244 1763 1299 octa-

363 1348 424 1391 vas
447 1333 618 1409 epiphanie
642 1348 699 1408 per
721 1330 869 1392 Crucem
892 1329 934 1389 de
956 1328 1055 1389 Telcz
1078 1333 1109 1388 in
1134 1327 1232 1387 Plzna
1255 1344 1284 1386 a.
1310 1327 1340 1385 d.
1370 1324 1479 1388 teda«

472 1433 493 1494 1.
517 1433 706 1494 4361-453
729 1433 893 1495 Eiusdem
917 1432 1088 1494 Stimulos
1111 1430 1251 1492 amoris.
1289 1429 1400 1491 »Liber
1422 1435 1493 1499 iste,
1528 1434 1583 1509 qui
1607 1428 1765 1491 Stimulus

364 1525 502 1582 amoris«
530 1523 563 1579 ><
590 1519 695 1599 »Quid
720 1538 777 1598 pro
801 1521 862 1580 hiis
887 1521 940 1580 tibi
964 1519 1101 1579 faciam·
1128 1517 1216 1584 tfinis
1241 1518 1357 1584 deest).

473 1628 509 1686 A.
538 1628 618 1682 1609
642 1629 737 1683 codex
760 1628 807 1682 hic
830 1633 891 1682 erat
914 1627 1108 1682 bibliothecae
1130 1624 1371 1713 Rosenbergicae,
1406 1627 1474 1679 dein
1506 1626 1641 1679 canonic.
1674 1621 1764 1692 regul.

365 1714 532 1770 Trzebonae
556 1731 583 1770 a.
613 1714 703 1771 1718.
728 1713 770 1768 De
794 1728 828 1768 eo
851 1713 994 1785 prolixius
1018 1714 1143 1768 disserui
1166 1709 1291 1766 Vestnilt
1314 1712 1348 1768 C.
1372 1711 1408 1765 A.
1437 1712 1516 1767 1897
1541 1728 1570 1781 p.
1595 1710 1667 1766 470.

470 1881 527 1961 411
976 1880 1006 1954 I.
1034 1880 1080 1954 A.
1107 1880 1170 1954 39.

362 2022 475 2188 {lutri
506 2038 539 2082 a.
571 2020 653 2083 1461
683 2019 725 2100 ff.
757 2020 832 2094 449,
863 2019 1004 2082 30><2l
1041 2037 1105 2079 cm.
1136 2022 1153 2080 1
1185 2037 1231 2079 m.
1262 2036 1341 2080 curre
1370 2018 1542 2080 nonnullis
1568 2017 1614 2079 lit.
1646 2015 1767 2078 initiat.

388 2126 419 2169 rc
433 2125 471 2168 rs,

367 2228 758 2291 Testamentum'Vetus
782 2227 915 2288 omisso
937 2227 1025 2288 libro
1048 2225 1270 2289 Psalmorum
1293 2229 1356 2288 sed
1371 2226 1543 2289 adiunctis
1559 2223 1769 2304 apocryphis

830 2313 961 2375 Esdrae
983 2312 1082 2374 libris
1104 2310 1163 2374 111⁰
1185 2312 1304 2374 &1V⁰.

477 2401 568 2462 lnitio
593 2400 686 2460 deest
708 2417 810 2461 unum
835 2400 899 2468 iol..
925 2405 1045 2477 inquo
1070 2406 1138 2461 erat
1167 2402 1338 2461 exordium
1362 2401 1494 2478 prologi,
1519 2403 1574 2478 qui
1599 2403 1645 2459 sic
1669 2402 1770 2458 conti-

370 2495 504 2549 nuatur:
528 2487 549 2548 1.
579 2489 587 2546 1
624 2488 717 2547 »liber
740 2488 977 2565 inapokalypsi
999 2486 1054 2546 Vll
1070 2488 1181 2564 sigillis
1198 2492 1347 2565 signatus
1364 2487 1563 2548 ostenditur«
1584 2534 1590 2546 .
1610 2485 1655 2545 .i.
1672 2483 1769 2544 442⁸:

373 2575 528 2653 »Explicit
551 2579 618 2634 tota
641 2575 738 2633 biblia
761 2591 818 2651 per
841 2591 960 2634 manus
983 2572 1196 2651 Sigismundi
1234 2573 1370 2636 Poliste
1406 2574 1449 2634 de
1482 2575 1660 2651 Styra...
1685 2572 1769 2632 ad.

374 2661 451 2722 1461
478 2667 556 2722 tunc
580 2664 726 2721 existens
751 2665 906 2737 temporis
931 2662 1067 2721 scolaris
1091 2665 1124 2722 in
1147 2659 1327 2721 Radlrows

479 2764 500 2825 1.
524 2761 729 2824 4421)-449ι
758 2764 947 2825 Alexandri
978 2764 1020 2825 de
1053 2763 1145 2826 Villa
1177 2763 1241 2825 Dei
1274 2764 1382 2826 Biblie
1417 2762 1521 2845 (Test.
1557 2769 1620 2824 vet.
1656 2765 1771 2834 solius)

370 2851 477 2913 index
499 2850 661 2912 versibus
684 2849 898 2912 hexametris
922 2867 1113 2929 expressus
1137 2868 1217 2913 cum
1240 2851 1537 2928 interpretatione.

480 2955 501 3015 1.
525 2951 606 3014 449b
621 2953 799 3014 Exordium
816 2955 987 3015 cuiusdam
1005 2956 1262 3033 compendiosae
1279 2960 1472 3016 narrationis
1488 2956 1641 3015 historiae
1659 2969 1772 3013 sacrae

372 3044 414 3103 ab
437 3043 543 3102 Adam
567 3058 672 3119 usque
696 3041 738 3101 ad
754 3041 918 3102 Christum
946 3046 978 3102 in
994 3059 1061 3120 qua
1076 3049 1350 3103 commemoratur
1369 3043 1478 3103 tabula
1495 3044 1536 3102 de
1553 3043 1639 3118 ligno
1655 3044 1772 3101 crucis.

374 3130 451 3190 Post
474 3131 536 3189 hoc
560 3134 661 3188 muita
683 3126 759 3187 lolia
781 3129 904 3188 codicis
929 3130 1044 3188 evulsa
1067 3135 1152 3190 sunt.

481 3236 558 3291 Inter
580 3235 628 3292 fol.
653 3236 719 3289 cod.
744 3240 771 3289 et
794 3237 962 3306 operculum
986 3236 1068 3293 inler.
1103 3237 1214 3306 illigata
1237 3243 1282 3292 est
1305 3239 1464 3292 membran.
1489 3235 1634 3308 particula
1665 3237 1774 3289 instru-

375 3326 464 3378 menti
487 3321 616 3377 Mathiae
637 3320 791 3376 Theodrici
815 3324 850 3377 de
873 3321 1040 3392 Petrowycz
1063 3324 1173 3394 publici
1208 3327 1314 3379 notarii
1349 3341 1426 3380 saec.
1451 3322 1515 3390 XV,
1552 3327 1580 3378 in
1605 3338 1664 3392 qua
1687 3335 1772 3376 versa

375 3425 479 3466 versus
502 3411 538 3464 de
561 3409 684 3463 ebriosis
708 3415 736 3462 et
759 3409 816 3464 alia
839 3415 940 3464 notata
963 3417 1041 3464 sunt.
1065 3408 1098 3464 In
1122 3412 1223 3465 codice
1247 3413 1358 3482 passim
1383 3416 1540 3466 occurrunt
1575 3416 1663 3464 notae
1698 3423 1774 3462 mar-

374 3497 487 3568 ginales
510 3505 538 3550 et
561 3495 578 3550 1.
604 3495 643 3550 53
667 3497 864 3566 interpretatio
888 3497 1003 3552 bohem.
1028 3497 1230 3553 interlinearis.
1255 3496 1356 3553 Codex
1380 3515 1406 3554 a.
1435 3497 1516 3552 1609
1540 3503 1601 3550 erat
1618 3495 1689 3550 bibl.
1721 3495 1776 3548 Ro-

376 3586 572 3654 senbergicae,
596 3584 664 3637 dein
687 3581 728 3650 (a.
757 3583 852 3652 1718)
875 3598 981 3638 canon.
1006 3584 1096 3654 regul.
1120 3583 1279 3640 Trebonae.

481 3751 535 3830 5⁰
981 3749 1009 3826 l.
1037 3750 1084 3829 A.
1111 3752 1173 3826 40.

377 3892 485 3954 clrarl.
509 3907 594 3951 saec.
619 3887 742 3970 XVff.
766 3888 840 3963 452,
862 3888 1003 3950 29><21
1033 3907 1095 3951 cm.
1120 3891 1150 3951 d.
1175 3911 1221 3953 m.

754 4009 972 4073 Breviarium
995 4029 1119 4075 carens
1142 4013 1242 4076 initio
1265 4020 1301 4077 et
1322 4013 1401 4076 line.

483 4183 521 4264 51
988 4184 1016 4259 I.
1045 4185 1092 4259 A.
1119 4186 1180 4260 41.

379 4327 489 4388 chart.
509 4339 598 4385 saec.
621 4321 691 4384 XV
710 4321 1007 4404 (1468-1477)ffi
1031 4326 1106 4400 519,
1127 4327 1171 4388 32
1186 4328 1222 4402 ><
1236 4327 1275 4388 21
1292 4345 1354 4388 cm.
1379 4328 1629 4408 campiatoris
1650 4328 1779 4408 aliquot

378 4411 524 4474 rudibus
545 4410 741 4472 instructus.

483 4497 503 4559 1.
540 4490 669 4556 1·-35¹‘
699 4494 807 4557 Gesta
836 4495 1085 4560 Romanorum.
1120 4499 1296 4578 »Incipiunt
1329 4502 1460 4562 historie
1492 4501 1731 4562 Romanorum«
1749 4505 1780 4558 ><

384 4582 622 4733 »EilrpilizGesta
645 4582 737 4644 Rom.
761 4582 853 4644 linita
877 4601 934 4662 per
955 4583 1105 4647 Crucem
1127 4588 1169 4648 de
1199 4585 1297 4650 Telcz
1320 4592 1352 4648 in
1377 4585 1580 4649 Sobieslavia
1602 4590 1779 4650 altaristam

380 4691 409 4734 a.
523 4695 551 4732 ι.

485 4757 506 4818 i.
529 4751 707 4817 36¹-152b
741 4755 941 4819 cassiodori
969 4757 1126 4822 Historia
1155 4760 1392 4823 ecclesiastica
1423 4761 1606 4837 tripartita.
1642 4762 1694 4823 »ln
1719 4763 1781 4822 hoc

381 4862 516 4924 corpore
540 4848 762 4906 continentur«
795 4875 796 4880 .
828 4843 938 4922 »Expt
972 4847 1089 4908 eccles.
1122 4847 1196 4908 hist.
1229 4849 1270 4908 ab
1302 4847 1485 4926 Epiphanio
1508 4853 1694 4927 conscripta
1720 4897 1726 4910 .
1748 4896 1781 4910 ..

382 4939 414 4994 et
436 4948 543 5011 nuper
573 4931 613 4990 de
642 4948 740 5010 greco
774 4933 806 4991 in
837 4933 970 4992 latinum
1001 4936 1154 4996 translate
1178 4935 1254 5014 (sic)
1278 4939 1309 4996 in
1334 4936 1421 4996 libris
1445 4952 1582 4997 numero
1606 4936 1780 4997 duodecim

1070 5161 1100 5208 11
