4034 5956
1068 526 1126 587 811

507 732 529 793 t.
558 733 757 795 1282-247·
778 732 872 794 Petri
885 733 1094 816 ¹Blaesensis
1117 733 1296 811 Epistolae
1313 732 1381 796 154.
1403 733 1562 797 »Henrico
1580 736 1610 796 d.
1628 753 1674 813 gr.
1686 737 1796 796 illustr.

401 823 466 897 regi
490 821 626 898 Anglie‹
653 822 687 876 ><
713 824 835 880 »vicem
860 824 990 881 martirii
1014 827 1271 900 recompenset.-

509 922 530 984 l.
555 923 746 984 2472-248
769 923 952 1001 Registrum
976 925 1240 1002 praecedentium
1264 927 1484 1004 epistolarum.

502 1029 655 1102 Operculis
680 1031 808 1101 adligata
831 1036 900 1086 sunt
923 1031 1084 1102 fragmenta
1107 1033 1226 1090 membr.
1251 1033 1445 1102 instrumenti,
1461 1049 1519 1104 quo
1536 1035 1590 1092 litt.
1603 1035 1713 1104 indulg.
1731 1052 1795 1105 pap.

401 1119 487 1172 datae
512 1118 631 1173 cuidam
655 1117 779 1173 Nicolao
802 1118 908 1174 clerico
924 1118 1006 1188 Prag.
1031 1119 1253 1190 promulgantur
1275 1137 1302 1176 a.
1323 1121 1414 1176 1371.
1427 1119 1520 1176 Vetus
1533 1123 1608 1191 sign.
1621 1122 1686 1178 libr.
1702 1120 1794 1178 Carol.

400 1203 433 1273 T,
459 1204 487 1272 5,
510 1205 547 1260 K.

505 1372 566 1453 811
874 1371 914 1451 V.
945 1373 991 1448 Α.
1020 1373 1081 1447 20.
1110 1389 1155 1455 (r.
1174 1388 1212 1441 11.
1232 1391 1256 1440 4.
1274 1407 1302 1441 n.
1319 1393 1373 1452 20.)

401 1511 511 1574 chart.
533 1530 621 1577 saec.
643 1513 713 1575 XV
724 1515 765 1596 ff.
780 1516 842 1578 231
867 1532 971 1589 narn,
994 1512 1072 1575 295
1082 1514 1177 1584 ><23
1199 1532 1262 1577 cnr.
1286 1517 1308 1576 d
1340 1535 1385 1578 rn.

511 1637 531 1699 1.
560 1636 697 1697 12-862
720 1640 879 1712 (anepigr.)
901 1635 1102 1697 Aristotelis
1124 1634 1329 1698 Ethicorum
1351 1638 1430 1699 libri
1452 1640 1571 1700 decem
1594 1656 1674 1701 cum
1698 1655 1797 1716 expo·

401 1722 530 1784 sitione
553 1723 767 1785 interlineari
790 1728 825 1785 et
848 1722 1029 1800 marginali
1060 1738 1105 1783 ex
1125 1722 1259 1784 lectura
1279 1723 1323 1785 M.
1347 1724 1440 1786 Petri
1464 1725 1505 1787 de
1528 1725 1799 1805 Mladyenowicz

401 1811 537 1870 hausta.
573 1809 707 1872 »Omnis
741 1827 795 1870 ars
829 1816 861 1870 ct
890 1813 998 1870 omnis
1032 1809 1195 1870 doctrina«
1225 1813 1262 1886 ><
1291 1812 1428 1888 »quibus
1466 1813 1592 1890 legibus
1623 1821 1798 1873 consuetu·

403 1895 534 1956 dinibus
557 1902 672 1957 utens«
694 1947 701 1959 .
722 1948 728 1958 .
749 1948 753 1956 .
774 1899 821 1970 (In
844 1900 936 1956 fronte
960 1899 1008 1954 sol.
1032 1900 1184 1970 praeligati
1208 1916 1267 1955 non
1292 1917 1371 1958 num.
1396 1903 1468 1956 haec
1492 1909 1562 1958 nota
1584 1903 1727 1958 occurrit:
1746 1903 1797 1956 ul.

402 1989 430 2044 d.
459 1986 567 2058 tram)
590 1986 630 2044 Μ.
656 1986 757 2042 Petrus
781 1989 817 2042 de
840 1987 930 2041 Mlad.
955 1986 1065 2056 incepit
1087 1986 1182 2056 legere
1205 1987 1312 2042 librum
1335 1987 1428 2044 Ethic.
1453 1989 1503 2045 ter.
1527 1988 1565 2044 111
1589 1990 1619 2044 in
1642 1990 1689 2044 die
1712 1988 1801 2044 Flori-

403 2074 490 2136 ani‹;
526 2074 563 2127 ad
594 2089 683 2144 quam
704 2089 735 2128 se
755 2074 883 2145 applicat
913 2073 1003 2129 altera
1031 2075 1062 2127 in
1085 2072 1177 2128 fronte
1201 2073 1219 2129 l.
1245 2070 1316 2130 86·:
1358 2075 1412 2135 ›A.
1436 2077 1464 2130 d.
1492 2070 1572 2132 1445
1597 2083 1728 2131 currente
1751 2076 1797 2130 ter.

402 2159 444 2214 VI
466 2164 534 2230 post
556 2159 662 2215 festum
685 2159 744 2214 Viti
769 2161 841 2215 bora
868 2160 904 2214 18
928 2159 1022 2214 finivit
1044 2158 1085 2215 M.
1109 2159 1209 2214 Petrus
1225 2161 1260 2214 de
1276 2160 1501 2231 Mladyenovicz
1512 2162 1617 2217 librum
1633 2161 1699 2218 Eth.
1716 2178 1798 2234 quem

402 2262 457 2317 ego
480 2261 517 2300 ex
539 2253 601 2302 toto
623 2247 778 2316 diligenter
799 2246 908 2314 audivi,
932 2247 989 2300 nisi
1011 2247 1178 2316 prepeditus
1201 2247 1299 2317 aliquo
1322 2250 1403 2318 gravi
1426 2249 1549 2318 negocio
1565 2246 1799 2320 retardassems)

512 2345 532 2406 1.
564 2344 744 2409 87·-209b
778 2343 935 2424 (anepigr.)
972 2345 1173 2408 Aristotelis
1212 2346 1529 2426 Metapnysicorum
1561 2349 1639 2410 libri
1672 2347 1799 2410 l-xn.

407 2432 550 2494 ·Omnes
574 2435 724 2496 homines
748 2439 863 2494 natura
886 2437 968 2493 scire
992 2434 1195 2494 desiderant«
1223 2433 1262 2510 ><
1290 2451 1395 2495 »unus
1418 2452 1495 2513 ergo
1513 2441 1672 2514 princeps.
1697 2435 1737 2496 Et
1753 2441 1798 2495 sic

403 2530 453 2580 est
476 2518 582 2582 finis<
608 2521 706 2593 (lnter
727 2522 829 2581 lineas
854 2537 943 2580 rarae
967 2525 1063 2580 notae
1087 2519 1284 2597 occurrunt.)

511 2622 532 2684 f.
558 2624 763 2688 2101-2168
786 2626 946 2697 (anepigr.)
968 2620 1149 2684 Tractatus
1172 2623 1430 2687 astronomicus
1453 2643 1527 2686 cum
1552 2626 1663 2704 figuris
1688 2632 1801 2706 margi-

405 2715 543 2777 nalibus.
570 2713 717 2792 »Augem
740 2713 889 2771 ecentrici
913 2716 944 2769 et
967 2713 1154 2786 oppositum
1178 2715 1291 2788 augis«
1317 2711 1357 2790 ><
1385 2714 1492 2791 »quod
1516 2713 1574 2774 fuit
1587 2715 1800 2792 probandum.

403 2801 445 2863 Et
468 2806 515 2862 sic
540 2806 591 2860 est
613 2800 688 2861 finis
711 2803 846 2858 istarum
871 2795 1141 2856 deducclonum.‹

513 2903 533 2964 i.
559 2900 761 2964 arob-219³
789 2899 967 2961 »Theorica
989 2901 1083 2960 lune«
1110 2917 1185 2961 cum
1210 2899 1330 2979 figuris,

513 3010 534 3072 t.
559 3000 762 3069 2202-231b
784 3004 942 3082 (anepigr.)
965 3002 1096 3064 Alberti
1120 3003 1236 3082 Magni
1259 3003 1362 3067 Liber
1385 3009 1426 3068 de
1449 3008 1802 3071 seeretismulierum.

410 3096 647 3157 »Dilectissimo
678 3095 738 3153 sibi
773 3097 805 3152 in
841 3089 915 3152 Chr.
952 3094 1062 3150 socio«
1093 3087 1127 3170 ><
1157 3096 1212 3151 »ut
1244 3087 1279 3153 2⁰
1313 3091 1558 3173 bletaphysices
1593 3100 1673 3156 satis
1705 3105 1800 3174 patet.

405 3183 522 3245 Grates
546 3199 641 3260 ergo‹
668 3186 728 3240 etc.
755 3177 957 3255 »Expliciunt
981 3177 1120 3249 (secreta
1144 3179 1313 3239 mulierum
1330 3215 1372 3222 —
1388 3197 1471 3260 quae
1488 3183 1588 3242 rerba
1604 3199 1698 3243 erasa
1714 3193 1803 3247 sunt)

406 3288 463 3350 per
486 3285 604 3330 manus
629 3268 743 3346 phebi«
771 3265 855 3342 (sic).

512 3395 664 3467 Operculis
674 3393 804 3462 adligata
813 3396 881 3446 sunt
896 3391 1056 3459 tragmenta
1085 3391 1210 3445 duorum
1236 3392 1371 3446 codicum
1406 3393 1564 3448 membran.
1591 3409 1667 3450 saec.
1694 3391 1800 3448 Xlll-

406 3479 479 3540 XIV
504 3482 666 3553 argumenti
684 3478 814 3550 juridici.
840 3476 873 3532 In
890 3475 982 3530 fronte
999 3475 1104 3546 prioris
1120 3476 1243 3546 legitur:
1264 3477 1367 3532 »Liber
1384 3477 1551 3534 Wenceslai
1564 3483 1599 3536 de
1612 3479 1803 3538 Domarzin».

406 3572 498 3626 Vetus
522 3571 597 3640 sign.
621 3568 651 3636 P,
676 3569 726 3624 61.

509 3737 578 3818 812
876 3732 914 3807 V.
942 3732 989 3806 A.
1017 3731 1080 3806 21.
1119 3748 1162 3808 (r.
1175 3748 1211 3798 11.
1230 3749 1254 3800 r.
1274 3764 1300 3800 n.
1320 3751 1375 3812 21.)

408 3877 515 3943 Codex
539 3878 647 3940 chart.
681 3895 712 3937 a.
744 3875 830 3939 1394
850 3873 899 3954 ss.
931 3874 995 3935 192
1025 3890 1127 3946 num„
1158 3873 1311 3950 29><22
1334 3892 1406 3947 cm„
1439 3875 1526 3936 binis
1548 3875 1715 3937 colrnnnis
1738 3893 1805 3936 nna

406 3983 514 4028 rnann
543 3964 744 4026 nitidissime
773 3965 938 4023 exoratus
970 3964 998 4020 et
1027 3959 1235 4032 rubricatus,
1267 3961 1313 4022 iit.
1338 3962 1407 4023 init.
1426 3962 1528 4042 pictis
1550 3967 1579 4023 et
1599 3962 1727 4042 passim
1754 3963 1807 4022 de·

407 4053 544 4114 cirratis
578 4055 607 4112 et
640 4049 815 4112 arabeser's
848 4046 1071 4110 circumdatis
1106 4047 1274 4125 eleganter
1297 4052 1487 4110 exornatus.
1533 4046 1809 4130 Spleudr'dessr'nre

406 4142 532 4202 ornata
555 4142 602 4200 est
625 4139 671 4199 lit.
695 4137 763 4199 init.
790 4133 818 4214 Q
841 4136 875 4196 in
889 4137 921 4213 j.
946 4135 990 4207 1·‚
1013 4133 1047 4194 in
1070 4150 1139 4211 qna
1173 4139 1296 4196 erector
1319 4138 1407 4216 papa
1429 4135 1579 4197 scribens
1601 4137 1727 4198 iibrnnr
1752 4137 1808 4196 de-

402 4228 564 4309 pingitur.

547 4345 705 4425 Gregorii
734 4361 843 4423 papae
866 4343 881 4405 l
904 4344 1088 4407 Moralium
1112 4361 1218 4423 super
1238 4345 1306 4406 Job
1329 4345 1406 4406 libri
1429 4343 1673 4407 xli-xxxv.

515 4452 536 4513 1.
565 4455 598 4526 15,
624 4449 799 4512 »Secunda
822 4466 898 4528 pars
922 4451 1091 4510 moralium
1115 4451 1195 4511 liber
1217 4453 1405 4512 vicesimus.
1422 4449 1508 4528 Quid
1526 4453 1641 4510 mirum
1655 4453 1681 4509 si
1698 4455 1810 4510 eterna

410 4529 595 4619 sapiencia}
622 4539 659 4614 ><
686 4537 706 4598 i.
735 4531 812 4598 192b
838 4553 914 4615 »pro
939 4553 990 4596 me
1015 4539 1164 4598 lacrimas
1188 4537 1300 4597 reddit.
1325 4535 1463 4615 Explicit
1479 4538 1626 4599 secunda
1643 4554 1718 4615 pars
1736 4535 1805 4596 llo-

411 4630 524 4688 ratium
548 4627 578 4687 b.
603 4624 747 4704 Gregorii
772 4641 854 4702 pape
879 4623 942 4683 sub
965 4641 993 4685 a.
1019 4624 1049 4685 d.
1078 4622 1161 4685 1394
1183 4627 1214 4684 in
1239 4629 1356 4684 octava
1379 4641 1405 4686 s.
1431 4624 1576 4702 Procopii
1599 4622 1704 4684 conl·

517 4733 669 4805 Operculis
701 4733 861 4802 adligatum
893 4739 937 4786 est
968 4733 1086 4788 membr.
1120 4734 1345 4787 instrumentum
1379 4731 1529 4800 publicum
1553 4731 1659 4786 iudicis
1683 4739 1710 4786 et
1733 4733 1808 4786 iura·

408 4827 503 4878 torum
539 4821 631 4890 Prag,
663 4835 722 4890 quo
752 4819 884 4875 venditio
916 4821 1059 4888 quaedam
1091 4820 1313 4887 recognoscitur
1336 4835 1361 4872 a.
1390 4818 1471 4873 1334
1501 4815 1569 4873 XVI
1592 4818 1651 4875 kal.
1675 4819 1810 4886 Augusti.

409 4907 554 4980 Operoulo
585 4909 666 4964 inser.
699 4906 913 4976 adglutinatum
945 4914 1004 4962 erat
1037 4907 1127 4962 chart.
1160 4906 1208 4960 tol.
1239 4905 1379 4960 Actorum
1396 4904 1614 4961 iudiciarlorum
1638 4905 1798 4974 archiepisc

410 4997 490 5066 Prag.
516 5013 542 5052 a.
571 4995 662 5060 1386,
686 4997 766 5065 quod
790 5009 868 5049 nunc
885 4995 1039 5064 separatim
1057 5000 1223 5048 asservatur
1238 4993 1298 5062 (ecl.
1315 4991 1420 5060 Tama,
1437 4989 1550 5048 Soudnl
1567 4993 1635 5048 aleta
1648 4989 1710 5056 Vll,
1725 4989 1810 5050 2271.

1087 5215 1139 5264 331)
