4004 5966
1044 560 1108 619 ‘234

485 771 505 829 i.
529 764 692 829 448491)
715 768 749 830 S.
780 767 986 846 Hieronymi
1016 766 1099 827 Vita
1128 783 1157 827 s.
1181 766 1319 829 Paulae.
1352 767 1568 846 (Praecedunt
1593 767 1632 826 19
1655 784 1772 826 versus

379 862 585 934 incipientes:
613 855 769 928 »Christe
793 862 881 915 tuam
906 854 1038 914 Paulam
1063 854 1141 913 dum
1165 856 1223 931 celi
1235 854 1328 914 ducis
1345 854 1386 914 ad
1410 853 1553 928 aulam«)
1579 855 1632 913 »Si
1656 864 1775 914 cuncta

377 949 439 1004 mei
464 947 609 1021 corporis
633 943 797 1002 membra«
824 943 856 996 ><
880 946 970 1019 (post
992 957 1108 1001 versus
1133 941 1344 1019 sepulcrales)
1371 939 1528 1016 »Explicit
1550 941 1629 1000 liber
1652 942 1692 1000 de
1709 945 1776 1000 rita

376 1031 427 1090 vel
450 1035 609 1090 itinerario
641 1047 667 1089 s.
693 1029 790 1106 Paule
815 1032 845 1087 in
870 1033 940 1087 eius
964 1029 1053 1088 obitu
1070 1027 1176 1087 editus
1192 1045 1212 1087 a
1228 1045 1254 1087 s
1268 1025 1456 1087 Hieronimo
1469 1031 1499 1086 in
1516 1029 1773 1087 consolationem

377 1136 402 1177 s.
430 1117 596 1176 Eustochii
620 1115 683 1192 filie
708 1119 797 1174 eius‹
823 1113 1025 1193 (Sequuntur
1047 1121 1143 1174 notae
1167 1114 1207 1172 de
1230 1118 1296 1174 vita
1319 1119 1351 1173 et
1374 1119 1476 1173 morte
1500 1131 1525 1173 s.
1552 1112 1692 1188 Paulae).

484 1202 504 1264 i.
537 1199 699 1262 olli-53¹³
730 1205 905 1274 (anepigrz)
935 1198 1143 1261 Grossulani
1172 1200 1278 1277 episc.
1309 1199 1582 1262 Mediolanensis
1616 1199 1778 1278 Epistola

376 1287 765 1368 dogmatico-polemica
798 1288 840 1348 de
869 1287 1027 1349 trinitate
1059 1286 1102 1346 ad
1124 1287 1288 1347 Alexium
1323 1287 1578 1363 imperatorem.
1614 1291 1776 1360 (Incipiunt

377 1396 480 1434 versus
491 1383 513 1448 z)
548 1375 700 1436 »Munere
732 1374 883 1434 collatum
914 1374 1024 1434 divino
1059 1373 1281 1451 pontificatum
1329 1371 1394 1454 llln
1425 1371 1611 1434 Mediolano
1646 1379 1777 1434 constat

378 1464 545 1541 quondam
569 1462 740 1538 glosulano
757 1460 770 1541 ll
800 1459 860 1520 Hic
883 1460 959 1520 lidei
983 1463 1066 1520 clare
1090 1465 1226 1538 cupiens
1250 1477 1367 1538 grecos
1392 1477 1560 1519 revocare·
1590 1467 1650 1520 etc.
1671 1461 1774 1519 »Audi

378 1557 409 1610 et
431 1549 587 1626 intellige«
615 1551 647 1606 ><
673 1547 780 1616 »Vale
813 1549 897 1607 bone
929 1548 1116 1624 imperator!
1149 1547 1197 1607 Sit
1228 1548 1282 1607 tibi
1307 1565 1371 1624 pax
1395 1553 1425 1606 et
1449 1548 1664 1624 prosperitas!
1690 1547 1775 1606 i'on-

378 1637 474 1696 cedat
497 1636 617 1695 llamen
642 1641 803 1706 sanctum,
827 1634 915 1711 quod
939 1635 1124 1712 poscimus!
1149 1635 1283 1693 Amen«

487 1739 505 1799 l.
530 1736 692 1798 aab-54²
715 1742 891 1811 (anepigr.:)
918 1736 969 1797 »ln
994 1739 1102 1797 divina
1126 1742 1243 1815 pagina
1267 1755 1332 1798 non
1357 1742 1426 1798 sine
1443 1755 1546 1798 causa
1569 1744 1778 1815 comparatur·

378 1828 513 1886 verbum
539 1826 589 1885 dei
613 1828 801 1902 margarite«
829 1827 861 1880 ><
889 1840 982 1884 »cum
1007 1822 1174 1884 Silvanum
1199 1829 1230 1884 in
1254 1825 1476 1902 apostolorum
1493 1826 1620 1884 actibus
1644 1842 1709 1884 non
1734 1827 1779 1882 le·

378 1929 515 1990 gamus«
542 1911 787 1988 (Fragmentum
811 1915 919 1988 operis
943 1912 1114 1971 cuiusdam
1139 1927 1166 1970 s,
1191 1910 1380 1989 Hieronymi
1395 1909 1426 1983 ?).

487 1998 507 2058 f.
532 1993 693 2058 sai-57¹³
717 1997 776 2058 SS.
798 1997 1007 2076 Hieronymi
1030 2002 1065 2057 et
1080 1997 1268 2075 Augustini
1284 1997 1455 2073 epistolae
1471 2002 1516 2070 (in
1533 1997 1597 2058 fine
1616 2011 1777 2062 mancaet.

487 2105 519 2160 ln
558 2107 658 2160 codice
688 2106 798 2174 passim
834 2112 990 2159 occurrunt
1021 2111 1105 2158 notae
1141 2106 1314 2173 marginales
1346 2106 1488 2158 adversus
1511 2104 1664 2160 Taboritas
1689 2121 1777 2159 manu

382 2210 461 2249 saec.
486 2191 540 2246 XV
565 2194 703 2247 adiectae.
729 2191 836 2245 Eadem
861 2207 948 2245 manu
973 2197 1091 2244 notatur
1112 2193 1287 2246 intrinsecus
1311 2192 1439 2261 operculi
1463 2194 1640 2262 superioris:
1669 2192 1776 2245 »Istum

379 2281 485 2334 librum
509 2278 619 2348 legavit
642 2293 693 2348 pro
718 2281 895 2333 monasterio
926 2281 956 2332 in
980 2277 1110 2332 Trzebon
1135 2278 1164 2332 h.
1189 2279 1216 2333 d.
1241 2278 1390 2332 lohannes
1417 2280 1453 2332 de
1481 2278 1632 2349 Stropnicz
1659 2281 1780 2350 protho-

380 2368 514 2421 notarius
538 2365 645 2418 nobilis
669 2368 747 2420 dom.
772 2363 862 2419 Ulrici
884 2367 920 2420 de
942 2364 1104 2433 Rosmberg
1127 2381 1143 2417 a
1167 2359 1310 2436 ('14)42‹.
1335 2363 1367 2418 ln
1392 2366 1529 2434 operculo
1552 2365 1633 2421 inler.
1651 2381 1780 2420 comme-

380 2459 509 2508 moratur
539 2458 651 2521 praeter
680 2453 747 2518 alia,
772 2467 830 2522 quo
854 2465 932 2505 anno
956 2459 984 2504 et
1007 2453 1052 2504 die
1076 2450 1223 2504 combusti
1246 2451 1306 2505 sint
1329 2449 1400 2507 lllM.
1434 2450 1630 2522 Hieronymus
1654 2461 1681 2506 et
1704 2451 1779 2508 Hus.

381 2539 492 2593 Nomen
515 2539 645 2608 episcopi
669 2538 843 2592 Grossulani
867 2538 1110 2610 (1102—1112)
1133 2553 1148 2590 e
1172 2536 1284 2592 Gamsii
1308 2537 1387 2591 Serie
1411 2539 1602 2609 sumpsimus.
1633 2539 1669 2594 A.
1698 2539 1779 2594 1605·

379 2628 473 2680 codex
495 2635 556 2679 erat
579 2625 772 2679 bibliothecae
794 2624 1034 2693 Rosenbergicae,
1066 2625 1170 2678 deinde
1194 2626 1296 2678 iterum
1321 2625 1489 2680 monasterii
1512 2624 1718 2680 'l'iebonensis

404 2831 407 2837 ·
483 2790 569 2872 234
1009 2791 1037 2864 l.
1065 2791 1103 2864 F.
1132 2792 1166 2864 2.

382 2933 571 2994 irretitbran.
594 2950 681 2994 saec.
705 2931 758 2993 XI
763 2931 790 2991 V
798 2932 847 3013 ff.
870 2933 945 3001 190,
967 2932 1111 2992 25><17
1135 2949 1198 2992 cm.
1222 2933 1239 2992 l
1267 2951 1310 2992 m.

489 3053 578 3116 Galli
600 3055 736 3116 abbatis
758 3055 868 3115 Aulae
891 3053 1059 3132 Regiaeti)
1083 3052 1310 3130 Malogranati
1332 3054 1420 3116 liber
1443 3056 1627 3117 secundus

491 3161 511 3221 i.
540 3163 572 3220 1⁸
596 3161 640 3238 (in
670 3164 761 3218 fronte
792 3166 972 3232 truncatum)
998 3165 1104 3236 »perte
1128 3163 1224 3236 cupio
1254 3157 1270 3239 ΙΙ
1299 3157 1388 3220 Scire
1420 3157 1717 3240 debesllconsistit
1749 3166 1781 3220 in

383 3251 484 3309 tribus
498 3248 516 3325 ΙΙ
531 3253 562 3309 in
585 3253 738 3307 virtutum
769 3251 992 3325 operaciones
1012 3245 1078 3306 ><i.
1107 3245 1182 3305 189³
1210 3246 1365 3323 »Explicit
1388 3248 1466 3306 liber
1488 3247 1657 3307 secundus
1680 3246 1782 3308 llalo-

382 3340 504 3412 granati
530 3339 583 3414 qui
607 3340 721 3394 tractat
745 3335 784 3393 de
809 3340 895 3394 statu
919 3333 1170 3412 proficiencium.
1197 3332 1249 3392 Sic
1273 3337 1367 3411 igitur
1389 3335 1550 3394 babemus
1574 3333 1660 3395 duos
1683 3335 1783 3394 libros

384 3425 466 3482 illius
490 3427 646 3483 tractatus
670 3426 724 3499 qui
741 3422 856 3481 dicitur
867 3419 1125 3498 lialogranatum
1140 3420 1333 3496 explanatos
1346 3427 1377 3479 et
1390 3425 1595 3498 conscriptos
1613 3438 1619 3479 :
1635 3439 1641 3480 :
1660 3422 1742 3482 brkb
1753 3439 1777 3480 :‹

383 3507 463 3573 (Sed
487 3510 583 3569 nobis
608 3512 731 3585 primus
755 3508 871 3579 deest).

492 3596 512 3656 i.
541 3591 743 3656 issa-taor
765 3593 893 3654 Tabula
917 3594 1142 3671 praecedentis
1166 3598 1284 3670 operis,
1310 3594 1460 3653 videlicet
1489 3598 1579 3671 primi
1597 3602 1629 3654 et
1648 3597 1787 3655 secundi

384 3685 461 3744 libri.
490 3682 605 3744 »Libro
628 3683 791 3759 completo
815 3685 950 3759 scriptor
972 3680 1069 3740 saltat
1093 3680 1175 3757 pede
1200 3680 1293 3740 leto«

493 3789 575 3845 Folio
600 3791 719 3846 membr.
744 3804 840 3842 vacuo
864 3803 939 3857 opus
970 3790 1154 3858 praecedenti
1178 3788 1390 3856 adglutinatam
1422 3794 1466 3842 est
1484 3788 1612 3858 insigne
1636 3789 1705 3844 bibl.
1731 3789 1789 3845 Ro-

384 3877 583 3947 senbergicae‚
607 3879 692 3930 cuius
716 3877 808 3931 codex
832 3877 900 3929 olim
925 3873 1026 3930 iuerat.

488 4043 571 4126 235
1016 4043 1043 4116 l.
1073 4043 1111 4116 F.
1139 4043 1174 4116 3.

387 4187 574 4248 niernbran.
601 4203 690 4246 saer.
713 4182 786 4244 XII
793 4183 840 4265 ff.
865 4183 938 4256 lli,
960 4185 1004 4245 20·
1018 4187 1047 4240 ><
1062 4185 1105 4246 16
1126 4201 1189 4244 cm.
1212 4183 1244 4245 d.
1270 4201 1312 4244 m.

494 4305 669 4384 (anepigr.:)
692 4306 724 4368 8.
750 4304 875 4366 Paterii
898 4303 1193 4382 Explanationum
1217 4305 1254 4365 in
1266 4304 1448 4382 utriusque
1463 4307 1666 4368 testamenti
1680 4307 1791 4370 libros

386 4415 431 4458 ex
460 4414 490 4457 s.
521 4393 680 4472 Gregorii
714 4409 822 4470 papae
858 4393 1021 4470 operibus
1055 4392 1279 4453 collectarum
1316 4391 1402 4453 liber
1434 4391 1569 4471 primus
1603 4399 1789 4460 (continens

387 4485 517 4561 explan.
543 4487 573 4542 in
599 4481 865 4549 Pentateuchum‚
890 4480 957 4540 libr.
982 4480 1135 4546 iudicum,
1160 4496 1283 4556 regum,
1312 4479 1534 4557 psalmorum).

495 4569 516 4629 i.
545 4571 577 4630 1·
600 4567 727 4628 Textus
750 4567 922 4627 cuiusdam
947 4570 1106 4644 poematis
1130 4566 1170 4625 de
1193 4567 1351 4644 apostolis
1375 4584 1491 4627 erasus
1515 4574 1546 4626 et
1570 4568 1706 4629 deletus.

496 4656 516 4717 i.
544 4652 914 4732 tb(1ncipirpraeratro:)
948 4653 1050 4714 »Cum
1082 4655 1279 4713 beastissimi
1310 4660 1408 4730 atque
1439 4656 1609 4732 apostolici
1641 4653 1788 4733 Gregorii

389 4743 549 4822 pontilicis
574 4746 693 4802 nostri«
720 4747 779 4802 etc.
794 4739 858 4800 ><i.
889 4736 1008 4800 ltrb-
1035 4742 1133 4800 »alios
1156 4741 1198 4800 ab
1223 4741 1425 4801 interioribus
1457 4746 1488 4802 in
1512 4747 1657 4803 extrema
1681 4761 1788 4821 repro-

389 4834 496 4892 bare«.
521 4829 687 4908 (Sequens
712 4833 821 4888 textus
845 4828 990 4888 radendo
1014 4826 1140 4886 deletus
1165 4833 1240 4897 est.)

497 4937 649 5008 Operculis
674 4936 802 5006 adligata
826 4941 894 4990 sunt
917 4937 977 4989 duo
1002 4933 1050 4990 lol.
1075 4935 1194 4992 membr.
1220 4935 1373 4990 cuiusdam
1399 4936 1527 4990 Psalterii
1546 4953 1623 4993 saec.
1649 4935 1726 4993 x111.
1751 4939 1789 4996 Α.

394 5026 473 5081 1609
498 5028 592 5080 codex
616 5024 684 5080 bibl.
709 5023 951 5092 Rosenbergicae,
975 5021 1081 5076 deinde
1106 5023 1274 5077 monasterii
1298 5021 1495 5078 Ticbonensis
1520 5033 1589 5080 crat.

1063 5243 1096 5292 92
