4066 5956
1033 525 1113 586 1619

479 730 499 792 i.
529 727 731 792 1352-1891’
754 729 799 791 Μ.
810 728 985 792 Johannis
998 732 1041 792 de
1063 731 1239 793 Przibram
1261 731 1445 793 Tractatus
1468 734 1511 794 de
1527 732 1774 795 communione

370 818 435 879 sub
459 823 604 896 utraque
628 817 798 879 adversus
820 822 1009 879 tractatum
1032 817 1166 880 Nicolai
1189 821 1232 880 de
1253 817 1516 896 Dinkelspuehl.
1544 817 1648 898 »Quia
1670 836 1774 880 emer-

369 910 466 982 gente
502 905 611 983 patula
646 903 764 965 Christi
798 908 949 965 veritate«
988 906 1021 960 ><
1056 909 1196 966 »veritas
1231 909 1302 966 eius
1337 921 1437 982 super
1472 911 1601 984 gutture
1636 902 1774 984 Dinges·

371 992 533 1070 puhel..
559 1037 565 1051 .
590 990 826 1069 triumphabit.
846 1035 855 1051 .
873 1039 881 1053 .
899 995 932 1052 in
962 990 1120 1052 famulum
1156 996 1400 1071 sempiternum.
1432 991 1499 1052 Iam
1527 997 1600 1054 tace
1634 991 1773 1072 Dinges-

371 1079 469 1225 ffilhel
491 1079 604 1225 gflpsas
627 1081 751 1138 variare
775 1094 833 1154 per
856 1083 952 1138 »aut«
981 1078 1070 1138 ›vel‹
1096 1078 1131 1139 In
1155 1079 1278 1139 domini
1302 1095 1363 1139 nec
1387 1079 1450 1139 mel
1473 1085 1672 1140 venenatum
1695 1087 1774 1158 post

430 1181 480 1226 ias
515 1181 575 1224 e.‹

479 1268 501 1330 i.
529 1265 730 1330 19021-278b
747 1271 903 1342 (anepigr.)
919 1266 1101 1329 Tractatus
1125 1270 1167 1330 de
1191 1269 1402 1330 necessitate
1425 1269 1684 1330 communionis
1706 1270 1774 1331 sub

371 1361 518 1434 utraque
542 1356 713 1416 adversus
736 1353 920 1416 Nicolaum
943 1354 986 1416 de
1007 1353 1270 1433 Dinlrelspuehl.
1298 1354 1401 1433 »Quia
1424 1355 1549 1433 plurimi
1576 1356 1771 1417 adversarii«

371 1445 404 1500 ><
418 1443 535 1503 »debet
557 1443 599 1502 ab
622 1442 761 1502 ecclesia
783 1444 941 1520 extirpari.
966 1440 1007 1500 Et
1030 1445 1077 1502 sic
1099 1447 1151 1502 est
1173 1442 1257 1504 finis.
1282 1441 1355 1502 Bud
1380 1443 1470 1503 bohu
1494 1443 1623 1503 chwala
1654 1445 1771 1504 Amen.

480 1548 631 1620 Operculis
653 1549 783 1620 adligata
805 1557 874 1604 sunt
897 1548 1058 1618 fragmenta
1081 1550 1201 1605 membr.
1224 1551 1407 1620 quarundam
1422 1549 1601 1606 venditionis
1625 1551 1774 1606 literarum

373 1637 603 1708 germanicarum
627 1637 761 1692 datarum
784 1635 912 1691 Basilice
935 1649 1014 1689 saec.
1038 1631 1106 1690 XV.
1130 1635 1223 1692 Vetus
1246 1636 1322 1707 sign.
1345 1636 1381 1703 A,
1407 1635 1456 1694 21.

478 1802 577 1884 1619
800 1801 899 1878 VIII.
928 1801 978 1876 H.
1006 1803 1042 1876 1.
1069 1817 1117 1883 (v.
1136 1817 1171 1868 ιι.
1192 1822 1215 1870 1.
1234 1820 1335 1883 naa)

374 1945 501 2006 nrz'xtus
534 1960 621 2004 saec.
645 1942 715 2004 XV
725 1941 775 2021 ff.
798 1941 876 2017 159,
896 1942 975 2005 345
986 1944 1024 2019 ><
1037 1942 1116 2005 235
1134 1959 1209 2016 cm„
1231 1942 1250 2004 1
1276 1961 1321 2003 m.

373 2065 532 2142 (anepigr.)
555 2063 668 2126 Servii
691 2064 908 2141 grammatici
933 2062 1218 2212 ξὲιέῐπιιεεῐαότὲἑε
1242 2065 1279 2125 in
1301 2063 1446 2144 Vergilii
1472 2065 1648 2128 Aeneidos
1663 2065 1775 2128 libros

482 2256 501 2317 i.
531 2259 563 2318 1ι
590 2256 642 2318 »ln
673 2255 879 2334 exponendis
914 2256 1121 2316 auctoribus«
1147 2258 1180 2312 ><
1204 2253 1225 2316 i.
1253 2251 1329 2317 1591’
1355 2255 1414 2317 »Et
1437 2257 1551 2316 obtutu
1575 2261 1665 2318 vario
1688 2261 1776 2318 stetit

375 2348 393 2404 i.
417 2361 444 2405 e.
468 2344 577 2404 vultu«
603 2341 692 2416 (finis
716 2343 810 2403 deest
833 2342 964 2402 duobus
988 2345 1113 2402 circiter
1135 2341 1219 2402 loliis
1242 2343 1389 2416 evulsis).

483 2450 526 2508 Cf.
550 2449 674 2507 Hanslik
696 2467 725 2522 p.
751 2449 822 2517 609,
847 2451 897 2520 qui
920 2451 1161 2506 commentarium
1184 2445 1259 2506 falso
1284 2451 1414 2505 attribuit
1437 2449 1565 2507 Donato.

483 2617 587 2699 1626
807 2615 910 2692 VIII.
939 2616 991 2692 H.
1019 2615 1054 2690 2.
1083 2633 1129 2696 lv.
1147 2633 1168 2684 1.
1186 2635 1211 2685 4.
1230 2635 1323 2697 aar.)

378 2760 484 2821 chart.
507 2776 594 2820 saec.
618 2757 688 2820 XV
701 2757 743 2840 ff.
767 2757 831 2820 104
852 2773 956 2832 num„
978 2757 1155 2834 32·5><22
1170 2775 1233 2820 cm.
1257 2759 1288 2819 d.
1312 2775 1357 2819 m.

484 2881 504 2942 l.
533 2879 670 2942 12-602
699 2880 742 2942 M.
767 2879 801 2941 T.
827 2878 1007 2941 Ciceronis
1031 2877 1082 2940 De
1104 2877 1232 2940 officiis
1254 2879 1333 2942 libri
1354 2879 1398 2942 111
1421 2898 1501 2943 cum
1524 2879 1779 2943 commentario

377 2968 558 3047 marginali
581 2966 675 3029 Petri
705 2966 813 3028 Marsi
844 2973 880 3028 et
908 2965 1004 3027 notis
1035 2964 1327 3031 interlinearibus.
1361 2967 1573 3048 (Commentx)
1601 2966 1777 3046 »Magnum

376 3057 520 3135 prolecto
544 3056 752 3116 mortalibus«
778 3054 810 3109 ><
837 3057 1001 3113 »instituta
1025 3057 1111 3114 sunt.
1143 3052 1213 3114 Hec
1237 3053 1399 3116 Marsus«

484 3157 504 3220 l.
527 3157 688 3221 612-97·
707 3157 748 3218 Α.
771 3155 817 3219 Μ.
839 3156 874 3218 T.
898 3155 932 3218 S.
955 3156 1091 3218 Boethii
1115 3155 1165 3218 De
1177 3157 1419 3220 consolatione
1434 3158 1677 3236 philosophiae
1698 3158 1779 3220 libri

376 3246 405 3307 V
428 3262 509 3306 cum
532 3244 626 3307 notis
648 3243 932 3305 interlinearibus
954 3250 990 3305 et
1013 3243 1271 3321 marginalibus.

487 3350 507 3411 i.
538 3344 720 3410 98⁸—10tlb
753 3347 795 3408 A.
829 3346 940 3408 Persii
972 3345 1087 3409 Flacci
1121 3345 1257 3410 Satirae
1289 3347 1379 3410 1-v
1416 3366 1497 3412 cum
1526 3350 1780 3412 commentario

378 3436 561 3515 marginali
582 3443 618 3499 et
640 3434 735 3498 notis
765 3433 1058 3496 interlinearibus.
1104 3432 1243 3506 (Versus
1267 3437 1399 3497 ultimus
1423 3445 1483 3498 sat.
1508 3435 1554 3496 V:
1592 3436 1779 3500 »Hunccine

378 3522 722 3690 ἓῧᾳῧὲἲξχίῗὲξῗήε,
758 3523 880 3582 subeas
904 3522 1047 3582 alternus
1079 3527 1225 3599 oportet<
1249 3557 1292 3566 -
1315 3529 1423 3585 cetera
1447 3524 1674 3586 desiderantur
1696 3523 1780 3586 loliis

487 3718 530 3774 Ex
553 3717 716 3790 Oybinensi
740 3715 929 3771 monasterio.

487 3887 569 3968 1621
791 3883 893 3959 VIII.
922 3881 972 3956 H.
998 3884 1034 3958 3.
1063 3898 1220 3962 lutae
1237 3902 1291 3964 55.)

379 4029 488 4091 chari.
509 4043 597 4088 saec.
620 4025 691 4087 XV
703 4025 743 4106 ff.
766 4025 842 4100 122,
863 4024 903 4086 31
917 4021 957 4102 ><
970 4024 1013 4085 22
1028 4041 1090 4086 cm.
1113 4024 1137 4085 2
1159 4043 1203 4086 m.
1228 4043 1307 4086 cum
1329 4025 1400 4087 inii.
1419 4027 1494 4107 pt'cl.

489 4151 509 4212 i.
538 4149 672 4221 12—463
694 4147 740 4211 Μ.
763 4147 798 4209 T.
823 4145 1007 4208 Ciceronis
1029 4143 1081 4208 De
1103 4145 1306 4210 inventione
1329 4148 1504 4211 rhetorica
1525 4149 1605 4212 libri
1627 4151 1665 4213 11.

409 4345 416 4358 ·
490 4256 510 4317 i.
524 4253 698 4358 adj-88⁸
719 4251 888 4313 Eiusdem
900 4265 964 4312 seu
979 4249 1097 4327 potius
1121 4249 1299 4314 Cornificii
1311 4251 1578 4317 Rhetoricorum
1594 4256 1637 4319 ad
1654 4253 1785 4320 Heren-

382 4361 479 4405 mum
491 4343 520 4510 il
522 4339 719 4510 16613100·
743 4442 781 4506 C.
804 4441 962 4504 Sallustii
996 4439 1112 4520 Crispi
1134 4440 1269 4503 Bellum
1292 4441 1543 4509 catilinarium.

491 4536 511 4597 i.
539 4526 741 4596 110⁸-122b
762 4528 930 4592 Eiusdem
952 4527 1088 4590 Bellum
1108 4527 1368 4607 Iugurthinum.
1393 4529 1427 4593 ln
1452 4531 1517 4596 fine
1539 4552 1678 4598 versus:
1701 4535 1785 4616 »Qui

383 4627 476 4701 cupis
507 4627 656 4701 ignotum
686 4618 843 4698 Jugurthe
873 4633 1011 4677 noscere
1041 4617 1141 4678 letum
1165 4613 1328 4696 Tharpeia
1350 4621 1427 4693 (sic)
1462 4630 1573 4683 monte
1604 4623 1720 4702 pulsus
1741 4623 1785 4684 ad

382 4727 461 4790 yma
484 4715 573 4771 ruit«
600 4706 754 4786 Sequitur
775 4704 881 4783 figura
904 4703 1017 4763 mundi
1042 4707 1177 4764 rotantis
1201 4709 1233 4764 et
1255 4707 1418 4767 variantis.

491 4816 635 4889 Operculo
666 4827 763 4885 super.
794 4812 955 4883 adligatum
988 4815 1033 4866 est
1065 4810 1258 4880 fragmentum
1281 4813 1440 4873 membran.
1465 4815 1595 4886 psalterii
1618 4831 1697 4872 saec.
1721 4813 1785 4884 xit,

384 4907 498 4977 utrique
521 4904 659 4976 operculo
682 4899 867 4972 adglutinata
889 4904 959 4954 sunt
974 4897 1135 4969 fragmenta
1150 4899 1240 4954 chari.
1258 4897 1370 4954 codicis
1386 4898 1500 4958 iuridici
1517 4917 1595 4960 saec.
1608 4899 1785 4960 XIV-XV.

384 4991 478 5048 Vetus
501 4993 576 5063 sign.
600 4989 634 5058 D,
664 4989 711 5049 12.

1059 5215 1110 5268 602
