3972 5958
852 555 916 614 435

291 762 311 824 i.
340 761 542 826 raab-154·
564 763 667 826 Notae
689 771 929 828 astronomicae
953 773 984 828 et
1008 769 1155 829 medicae
1188 770 1317 846 (partim
1354 769 1583 843 germanicae).

292 849 312 911 i.
341 848 542 914 1552-16512
566 850 728 930 Imagines
750 854 840 914 coeli.

292 936 313 998 i.
342 935 538 999 liiii—169b
561 937 745 1001 Alklndus.
768 937 820 1001 De
842 939 980 1017 pluviis,
1119 1001 1147 1010 ,,

292 1023 312 1084 i.
339 1020 542 1086 1702-19812
563 1024 785 1104 Aliraganus
806 1025 935 1100 (Liber)
962 1025 1247 1088 differentiarum.

291 1110 313 1172 i.
341 1107 541 1172 199¹-200t
566 1110 614 1173 De
637 1113 781 1190 quodam
805 1118 1020 1174 instrumento
1044 1120 1154 1174 motus
1178 1115 1268 1174 coeli.
1300 1111 1485 1190 (Expositio
1508 1128 1585 1172 con·

187 1201 311 1276 scripta
332 1215 360 1259 a.
390 1197 472 1258 1394
495 1197 640 1260 Viennae
650 1197 674 1272 i)

294 1283 315 1344 i.
338 1281 543 1346 2012-203b
564 1283 759 1348 Ptolomaei
782 1283 838 1346 CL
860 1285 1121 1363 propositiones
1145 1285 1181 1347 in
1199 1284 1423 1348 astronomia.
1450 1281 1585 1361 »Signo-

188 1387 260 1432 rum
284 1371 462 1449 disposicio
486 1377 553 1432 est<
580 1373 613 1430 ><
639 1371 797 1450 »Explicit
818 1373 896 1432 liber
919 1372 951 1432 P.
975 1372 1053 1433 feria
1076 1371 1117 1432 Vl
1151 1379 1225 1434 ante
1259 1376 1406 1433 trinitatis
1442 1387 1499 1448 per
1531 1387 1583 1430 me

185 1457 387 1520 Johannem
409 1458 451 1520 de
474 1457 576 1520 Nova
598 1456 710 1520 Domo
733 1475 764 1520 a.
790 1456 902 1520 1450.»

292 1543 314 1605 i.
338 1543 402 1606 205
426 1543 560 1624 Figurae
584 1545 668 1606 duae
697 1547 726 1620 1)
749 1549 958 1606 mansionum
983 1546 1089 1618 lunae,
1113 1545 1146 1622 2)
1164 1545 1354 1624 dignitatum
1373 1544 1584 1622 planetarum.

291 1629 312 1692 i.
337 1630 538 1694 tout-208·
560 1631 728 1710 Stephani
750 1632 793 1693 de
816 1631 972 1694 Messina
986 1629 1107 1693 Floras
1123 1633 1165 1693 de
1182 1630 1328 1693 secretis
1351 1627 1587 1691 astronomiae

186 1717 365 1781 Hermetis
387 1717 622 1796 (Astrologlae
645 1724 786 1780 centum
808 1718 981 1796 capitula).

294 1818 314 1880 i.
339 1818 526 1882 2082-217
549 1819 756 1882 Tractatulus
780 1823 1017 1883 revolutionum
1053 1826 1085 1882 in
1121 1822 1222 1882 tribus
1256 1821 1489 1899 superioribus.
1537 1818 1585 1880 De

189 1907 389 1968 revolutione
411 1911 497 1968 anni.
521 1906 570 1968 De
595 1913 697 1969 terrae
720 1915 812 1970 motu
835 1915 868 1970 et
890 1910 1027 1968 diluviis,
1054 1907 1102 1968 De
1126 1908 1220 1969 bello.
1245 1906 1294 1968 De
1310 1911 1416 1985 capite
1432 1915 1464 1968 et
1479 1907 1586 1967 cauda

189 1994 353 2057 draconis,
378 1993 427 2055 De
450 1994 531 2056 locis
554 1995 718 2056 stellarum
742 1994 893 2056 fixarum.
917 1992 1044 2055 Tabula
1068 1995 1282 2056 latitudinum.

293 2099 326 2156 ln
349 2101 487 2172 operculo
509 2117 606 2174 super.
630 2103 804 2158 intrinsecus
828 2103 901 2158 haec
924 2109 996 2157 nota
1018 2102 1161 2158 occurrit:
1209 2101 1312 2156 »Liber
1345 2100 1527 2172 Sigismundi
1551 2103 1587 2156 de

188 2187 322 2242 llradecz
344 2188 482 2258 Regina«
508 2187 601 2244 Vetus
624 2191 699 2260 sign.
723 2189 759 2260 Α,
784 2189 835 2244 37.

293 2353 384 2436 434
668 2353 739 2432 III.
770 2356 808 2431 C.
835 2357 870 2430 3.
899 2371 944 2434 tr.
963 2370 999 2422 rr.
1020 2374 1042 2424 i.
1062 2387 1087 2424 n.
1108 2372 1161 2437 a.)

188 2497 299 2556 clrart.
322 2512 408 2556 saec.
431 2493 500 2556 XV
514 2495 554 2576 ff.
577 2495 643 2558 299
665 2513 771 2570 natm,
792 2495 970 2558 30><21·5
990 2513 1052 2556 cm.
1076 2496 1107 2556 d.
1132 2513 1176 2556 m.

294 2615 315 2676 i.
343 2614 482 2678 1-167·
502 2615 685 2679 Haimonis
708 2622 786 2690 (seu
809 2615 927 2694 potius
951 2618 981 2677 b.
1006 2615 1165 2694 Remigii)
1203 2615 1350 2677 Postilla
1384 2631 1488 2694 super
1521 2613 1588 2691 epi·

189 2703 302 2766 stolas
324 2718 354 2764 s.
377 2700 484 2764 Pauli.
511 2702 556 2764 »E
579 2703 736 2765 Corintho
759 2708 886 2764 civitate
911 2704 1080 2781 metropoli
1096 2703 1231 2781 Achaye
1248 2705 1390 2780 regionis
1406 2700 1588 2762 Grecorum

190 2793 321 2868 scripsit
343 2791 513 2868 apostolus
537 2789 657 2850 Paulus
692 2789 848 2852 Romanis
882 2791 968 2850 hanc
1002 2790 1191 2868 epistolam«
1217 2791 1251 2848 ><
1276 2788 1434 2867 »Explicit
1456 2787 1590 2848 Postilla

190 2876 396 2955 liaygmonis
419 2893 446 2936 s.
470 2894 498 2937 e.
522 2877 553 2937 b.
578 2876 610 2937 P.
634 2879 707 2948 (alia
729 2896 819 2936 manu
844 2881 992 2947 additurt)
1017 2874 1064 2936 Fr.
1090 2876 1252 2936 Ambrosii
1276 2891 1351 2936 cum
1375 2874 1523 2936 Johanne
1547 2875 1588 2934 de

191 2962 396 3042 lx'nyezmost
419 2963 497 3024 liber
519 2968 579 3024 iste
602 2971 654 3024 est
677 2980 734 3040 per
757 2967 849 3041 ipsos
872 2970 1111 3040 comparatus«

295 3065 315 3126 i.
344 3061 545 3127 1691-2991’
567 3063 745 3144 Epistolae
768 3065 956 3127 canonicae
977 3064 1110 3140 Jacobi,
1133 3064 1241 3140 Petri,
1263 3065 1447 3140 Johannis,
1478 3064 1590 3127 Judae

189 3170 272 3216 eum
294 3153 545 3215 commentario
567 3151 612 3214 ii.
634 3151 808 3215 Johannis
830 3152 906 3214 Hus
922 3157 959 3214 et
974 3151 1152 3214 nonnullis
1174 3151 1304 3231 glossis
1323 3151 1517 3215 bohemicis
1540 3152 1589 3212 in-

189 3237 445 3301 terlinearibus.
471 3239 583 3301 »Pater
605 3245 637 3300 et
659 3239 745 3300 iilius
769 3245 800 3300 et
824 3243 956 3317 spiritus
980 3254 1006 3300 s,
1031 3256 1119 3300 unus
1142 3240 1226 3300 deus
1246 3240 1396 3317 dignetur
1412 3243 1591 3300 misericor·

191 3328 273 3388 diter
295 3332 427 3388 nostras
450 3326 566 3387 sordes
589 3327 794 3404 abstergere«
822 3329 854 3384 ><
882 3323 945 3386 »Ut
966 3324 1024 3386 fiat
1062 3331 1181 3398 tamen,
1217 3326 1305 3388 dicat
1338 3342 1426 3387 nunc
1460 3327 1592 3403 quilibet

191 3430 320 3475 amen«

294 3520 327 3576 ln
350 3520 488 3592 operculo
510 3535 606 3592 super.
630 3523 807 3575 intrinsecus
832 3521 942 3575 nudato
967 3521 1039 3574 haec
1063 3527 1134 3575 nota
1156 3535 1262 3576 manus
1278 3536 1356 3577 saec.
1373 3519 1428 3575 XV
1444 3523 1588 3576 occurrit:

195 3607 355 3663 »Salomon
379 3613 540 3678 reportator
561 3605 602 3662 M.
625 3605 769 3662 Johannis
792 3605 855 3660 llus
879 3613 989 3677 partem
1013 3607 1166 3662 estivalem
1190 3607 1307 3664 habet«
1354 3607 1387 3662 In
1420 3609 1591 3662 membrana

192 3697 288 3750 codici
310 3693 470 3764 praeligata
492 3709 581 3748 manu
604 3709 681 3748 saec.
706 3691 787 3747 XVII
811 3699 931 3748 exarata
953 3700 998 3748 est
1021 3697 1111 3749 series
1135 3700 1339 3749 contentorum
1363 3695 1451 3749 haec:
1482 3690 1510 3766 l)
1535 3693 1594 3748 Po-

192 3782 272 3836 stilla
294 3780 468 3852 Haymonis,
493 3781 525 3849 2)
547 3779 699 3851 Depositio
722 3780 882 3835 testimonii
906 3778 1051 3835 Johannis
1075 3780 1207 3835 Protivae
1231 3782 1270 3835 ad
1294 3782 1353 3837 divi
1379 3779 1538 3836 Clementis
1560 3784 1591 3835 in

193 3867 310 3922 Porzicz
333 3867 461 3938 plebani,
485 3867 518 3936 3)
541 3867 663 3922 Articuli
688 3867 725 3921 ab
749 3867 973 3938 archiepiscopo
997 3865 1145 3922 Shincone
1169 3875 1273 3922 contra
1295 3866 1336 3925 M.
1360 3867 1427 3922 Joh.
1450 3866 1514 3922 Hus
1531 3868 1592 3922 dati

193 3970 261 4009 cum
283 3953 454 4010 refutatione
478 3953 619 4023 eiusdem,
643 3954 678 4023 4)
701 3953 910 4009 Commentarii
934 3969 1022 4024 super
1045 3956 1205 4009 canonicas
1228 3963 1283 4010 etc.
1308 3953 1366 4009 Sed
1390 3969 1469 4008 nunc
1493 3953 1590 4008 solum

193 4047 351 4112 supersunt
374 4055 463 4112 opera
485 4041 609 4112 primum
632 4047 660 4094 et
683 4041 818 4096 ultimum
842 4042 988 4095 ambobus
1013 4041 1116 4096 mediis
1140 4042 1258 4096 excisis

295 4207 382 4290 435
669 4207 741 4284 III.
771 4209 809 4284 C.
837 4210 871 4285 4,
900 4224 945 4290 (Υ.
964 4224 1001 4275 11.
1022 4227 1047 4274 1.
1066 4239 1092 4276 n.
1112 4225 1166 4288 aa)

193 4351 304 4412 chart.
326 4368 359 4411 a.
382 4347 471 4410 1445
487 4348 527 4430 ff.
549 4347 616 4412 286
637 4367 741 4424 anna,
765 4349 905 4412 31><2i
930 4367 993 4410 cm.
1018 4347 1049 4409 d.
1074 4366 1117 4409 m.

298 4471 433 4534 Nicolai
456 4473 498 4534 de
521 4469 773 4549 Dinkelspuehl
798 4469 906 4549 Opera
929 4487 1013 4549 quae
1037 4475 1226 4550 sequuntur.

282 4559 303 4621 i.
330 4556 451 4621 1-311>
472 4557 653 4620 'tractatus
675 4559 718 4621 de
739 4557 852 4619 tribus
882 4557 1040 4636 partibus
1075 4555 1319 4635 poenitentiae.
1367 4555 1471 4617 »Ecce
1506 4573 1593 4617 nunc

195 4657 324 4725 tempus
346 4646 561 4725 acceptabile«
588 4647 621 4702 ><
647 4644 849 4724 »Expliciunt
872 4661 1042 4704 sermones
1067 4645 1107 4704 de
1124 4645 1225 4704 tribus
1242 4644 1387 4722 partibus
1403 4648 1592 4721 penitencie,

193 4734 343 4795 videlicet
364 4736 581 4805 contricionis
605 4732 827 4793 confessionis
850 4739 882 4792 et
905 4730 1174 4792 satisfaccionis.«

298 4837 318 4897 i.
343 4835 503 4898 32⁸-85·
523 4835 713 4898 Sermones
736 4836 779 4897 de
809 4841 947 4913 septem
967 4833 1120 4912 peccatis
1137 4834 1352 4897 mortalibus.
1380 4833 1509 4896 »Homo
1525 4838 1594 4913 qui-

196 4925 271 4985 dam
296 4923 371 4985 lecit
392 4940 528 4986 cenam«
554 4924 587 4980 ><
613 4922 818 5002 »Expliciunt
841 4938 1012 4983 sermones
1036 4922 1077 4982 de
1110 4929 1236 4999 septem
1270 4925 1362 4982 viciis
1400 4922 1593 4998 capitalibus

196 5010 256 5071 blri
278 5009 369 5072 Nico.
394 5010 601 5090 Dynlrlspuel
623 5009 761 5089 Wyen.‹

875 5232 922 5282 169
