4046 5972
924 518 966 580 68

355 729 386 784 ln
410 730 580 784 calendario
604 736 760 785 occurrunt
790 729 864 784 festa
898 729 928 786 S.
953 728 1122 785 Wenceslai
1155 735 1184 784 et
1216 728 1366 784 Adalberti
1401 729 1556 795 rubricata,
1592 729 1643 782 sed

258 825 351 872 estum
383 816 414 873 S.
447 815 607 883 Ludmilae,
638 817 668 870 in
698 814 840 870 Bohemia
869 817 1008 871 celebrari
1039 823 1175 886 coeptum
1198 832 1225 870 a.
1254 815 1333 870 1245
1358 830 1418 870 non
1441 815 1642 884 consignatur.

247 901 317 958 Item
342 903 448 958 festum
471 901 610 974 Corporis
633 902 741 957 Christi
765 903 823 957 alia
845 905 997 958 recentiori
1028 918 1116 958 manu
1141 909 1268 957 attamen
1303 917 1380 959 saec.
1415 899 1483 956 XIII
1518 917 1563 957 ex.
1598 901 1644 956 vel

249 987 319 1044 XIV
342 991 383 1046 in.
407 991 539 1044 additum
562 989 692 1044 officium
716 1005 804 1044 suum
827 989 914 1044 habet
937 989 955 1046 1.
980 990 998 1044 7
1006 990 1096 1046 -12.
1143 987 1257 1059 Quibus
1290 991 1326 1043 de
1361 990 1460 1043 causis
1496 1004 1549 1043 nec
1583 1003 1643 1043 non

248 1076 490 1132 convenientibus
513 1077 732 1131 characteribus
755 1077 888 1130 codicem
919 1091 996 1132 saec.
1032 1073 1099 1130 XIII
1133 1076 1347 1132 adiudicamus.
1394 1073 1498 1130 Codici
1532 1077 1645 1146 passim

248 1165 347 1218 insuta
381 1170 451 1218 sunt
481 1162 645 1218 officiorum
676 1162 887 1233 supplementa,
917 1178 991 1232 quae
1023 1165 1109 1217 etiam
1140 1169 1297 1218 occurrunt
1327 1163 1357 1216 in
1388 1161 1465 1216 loliis
1500 1163 1645 1232 operculis

249 1251 448 1319 adglutinatis.
485 1249 634 1304 Praeterea
663 1251 694 1304 in
724 1249 862 1320 operculo
893 1249 975 1305 inser.
1007 1255 1146 1303 notantur
1175 1249 1322 1319 reliquiae,
1357 1263 1432 1318 quae
1462 1249 1648 1304 continentur

249 1337 279 1392 in
303 1338 431 1407 quodam
458 1337 562 1392 »altari
583 1334 778 1405 Martyrum«.
803 1334 905 1390 Codex
929 1352 955 1392 a.
983 1334 1063 1390 1649
1089 1343 1149 1390 erat
1172 1343 1297 1392 monast.
1322 1335 1352 1392 S.
1377 1333 1520 1392 Coronae.

355 1538 407 1619 67
851 1537 879 1612 I.
908 1538 953 1612 B.
980 1538 1042 1614 11.

252 1697 359 1761 enarr.
384 1713 416 1758 a.
441 1695 527 1757 1399
538 1695 585 1778 ff.
610 1695 684 1771 101,
707 1695 751 1758 30
766 1696 851 1756 x22
874 1713 936 1757 cm.
961 1696 978 1757 1
1005 1714 1050 1758 m.

643 1833 829 1912 Speculum
852 1835 1025 1897 humanae
1047 1834 1263 1896 salvationis.

362 1954 382 2014 1.
411 1954 443 2014 11
467 1953 598 2034 »Incipit
621 1956 824 2033 prohemium
855 1956 1027 2017 cuiusdam
1058 1973 1154 2017 nowe
1183 1958 1447 2035 compilacionis«
1474 1959 1505 2014 ><
1530 1956 1551 2016 i.
1579 1955 1654 2016 101²

253 2045 327 2114 (alia
349 2045 452 2114 manu)
480 2041 636 2120 »Explicit
666 2043 838 2120 speculum
869 2042 1012 2103 humane
1044 2044 1239 2104 salvacionis
1269 2043 1396 2105 finitum
1426 2043 1482 2104 ier.
1517 2042 1558 2104 Vl
1581 2049 1656 2105 ante

254 2128 374 2189 festum
398 2125 529 2206 Georgii
554 2146 583 2188 a.
608 2129 639 2190 d.
666 2127 781 2190 issu«

362 2231 383 2292 1.
411 2227 487 2292 1011
506 2237 604 2304 (tertia
627 2237 730 2306 manu)
763 2230 970 2294 »Notandum
994 2234 1083 2311 quod
1106 2239 1253 2295 omnium
1276 2233 1422 2294 villarum
1446 2237 1551 2294 tocius
1567 2236 1656 2311 regni

255 2318 409 2466 {fahgmie
446 2317 564 2380 30264.
603 2320 641 2380 Α.
676 2319 707 2379 d.
753 2318 834 2379 1417
870 2319 993 2380 electus
1024 2327 1075 2382 est
1108 2338 1139 2399 p.
1174 2319 1333 2382 Martinus
1368 2324 1501 2399 quintus
1536 2324 1567 2380 in
1603 2320 1654 2378 die

351 2423 412 2466 nh«

343 2511 473 2582 Singulis
498 2511 575 2567 loliis
601 2511 727 2568 5-100
751 2521 952 2568 remanserunt
977 2530 1073 2569 vacua
1096 2517 1192 2585 spatia
1214 2517 1244 2569 in
1267 2513 1360 2569 fronte
1391 2523 1418 2570 et
1448 2516 1577 2583 margine
1611 2513 1656 2568 in-

256 2601 386 2654 serendis
409 2601 539 2670 picturis.
563 2597 608 2656 CI.
631 2581 700 2656 Cas,
723 2598 801 2656 Mus.
829 2600 910 2655 1884
933 2617 961 2671 p.
988 2601 1037 2657 25.
1061 2600 1105 2656 Ex
1128 2601 1306 2657 monasterio
1327 2599 1518 2658 Tiebonensi.

361 2799 415 2882 68
858 2802 888 2877 Ι.
916 2803 960 2877 Β.
988 2801 1048 2877 12.

257 2959 366 3020 chart.
388 2975 475 3021 saec.
498 2956 586 3018 XIV
604 2975 651 3020 ex.
674 2957 774 3039 (sing.
792 2961 884 3039 part.
908 2978 941 3022 a.
967 2960 1067 3040 1384)
1076 2960 1123 3042 ff.
1147 2961 1221 3037 154,
1243 2960 1384 3023 30)(21
1409 2979 1471 3024 cm.
1495 2962 1527 3024 d.
1551 2980 1595 3023 m.

366 3079 387 3142 1.
416 3078 552 3140 11-70·
571 3080 760 3142 Sermones
784 3081 825 3141 de
851 3081 996 3144 sanctis.
1020 3081 1160 3154 (initium
1184 3084 1286 3145 deest.
1318 3084 1444 3146 Primus
1468 3085 1508 3145 de
1541 3082 1574 3146 S.
1606 3082 1658 3144 Ni·

259 3169 362 3239 cola0,
387 3167 522 3227 ultimus
546 3166 587 3226 de
611 3165 644 3228 S.
668 3165 799 3228 Thoma
822 3170 924 3246 expl:
956 3169 997 3230 Et
1019 3170 1061 3229 ibi
1084 3175 1135 3230 est
1156 3169 1232 3231 finis
1255 3172 1338 3232 illius
1362 3173 1428 3232 libri
1454 3173 1530 3234 boni
1560 3175 1657 3245 etc«)

367 3270 389 3332 f.
414 3266 595 3330 711-1171
614 3269 770 3332 Granum
792 3269 1010 3334 Passionalis
1036 3271 1133 3334 »Post
1163 3279 1353 3352 passionem
1388 3275 1510 3337 domini
1545 3276 1658 3336 divisis

259 3356 435 3436 apostolis«
463 3357 496 3414 ><
522 3357 678 3436 »Explicit
699 3373 837 3436 granum
861 3361 1057 3437 passionalis
1081 3361 1144 3420 sub
1167 3379 1196 3422 a.
1220 3362 1252 3422 d.
1278 3360 1390 3424 1384..

303 3548 325 3607 b
368 3459 617 3609 1.(1118Ξέ41261
635 3459 863 3524 Prothemata
877 3478 984 3541 super
1003 3464 1183 3542 euangelia
1197 3465 1240 3528 de
1255 3467 1398 3530 sanctis.
1415 3467 1436 3528 1.
1457 3467 1532 3528 1261
1551 3467 1660 3527 »finita

261 3564 301 3608 su
347 3565 376 3608 a.
426 3595 432 3608 .
546 3573 573 3610 ε.

369 3650 390 3712 f.
419 3646 495 3712 1261
515 3650 702 3713 Sermones
725 3652 793 3714 duo
816 3653 857 3713 de
880 3653 1072 3716 animabus.

369 3754 390 3815 1.
419 3751 495 3816 1271
536 3753 639 3817 Notae
663 3756 703 3816 de
727 3755 872 3817 efficacia
894 3758 983 3818 verbi
1008 3759 1068 3825 dei.
1095 3760 1135 3820 de
1161 3760 1248 3821 bono
1264 3762 1495 3839 praedicatore,
1514 3762 1554 3822 de
1571 3779 1661 3840 prae-

262 3845 416 3920 rogativis
440 3848 630 3903 sanctorum
654 3845 865 3920 singulorum.

370 3945 391 4006 1.
441 3941 641 4006 1351-1371
660 3945 734 4007 llra
755 3941 980 4010 velikonobm'
1000 3944 1279 4013 latinsko-beska
1308 3958 1329 4013 t.
1353 3970 1404 4014 κν.
1439 3951 1534 4016 Ordo
1555 3953 1663 4014 trium

261 4047 493 4192 pterrspgjuum
515 4033 606 4111 (vyd.
630 4029 746 4094 Hanus
769 4051 791 4093 v
814 4032 858 4095 hl.
881 4032 966 4112 Vyb.
991 4043 1046 4098 str.
1070 4035 1113 4097 40
1134 4054 1155 4096 a
1177 4056 1208 4098 n.
1229 4035 1345 4099 Srovn.
1370 4019 1446 4102 Gas
1471 4039 1655 4102 Mus.1891

264 4137 281 4179 s
313 4167 319 4180 .
402 4167 408 4180 .

372 4222 393 4284 1.
421 4222 590 4284 138-139
612 4221 715 4284 Notae
739 4229 864 4285 variae:
900 4224 1029 4304 Quibus
1053 4228 1259 4305 prohibeatur
1281 4246 1402 4308 corpus
1436 4229 1565 4292 Christi.
1612 4230 1660 4292 De

265 4310 381 4370 diebus
404 4310 596 4388 periculosis
618 4312 790 4372 cuiuslibet
812 4316 897 4373 anni.
946 4311 995 4374 De
1034 4313 1177 4392 quodam
1215 4320 1372 4394 episcopo
1410 4322 1541 4379 nomine
1577 4315 1661 4380 Odo.

266 4396 314 4458 De
346 4401 508 4459 creatione
543 4397 684 4458 hominis
724 4401 756 4458 in
779 4404 870 4460 utero
909 4404 1020 4461 matris
1065 4399 1171 4479 (Expl.
1194 4401 1270 4463 finis
1294 4401 1420 4464 Cubini
1442 4402 1484 4466 dc
1506 4403 1663 4482 Zalssie).

373 4499 394 4561 1.
423 4497 622 4560 1402---153b
642 4499 798 4562 Granum
821 4503 1031 4580 passionalis
1062 4504 1103 4566 de
1126 4506 1259 4567 sanctis
1289 4510 1391 4579 (initio
1425 4509 1583 4582 mutilum,
1622 4510 1665 4569 ad

265 4587 388 4647 calcem
411 4589 475 4647 alia
497 4604 614 4649 manu:
653 4587 810 4667 »Explicit
842 4608 979 4667 granum
1015 4593 1211 4670 passionalis
1241 4594 1365 4656 bonum
1396 4595 1437 4655 de
1461 4599 1585 4656 sanctis
1609 4613 1666 4674 per

266 4690 385 4734 manus
409 4674 531 4735 domini
556 4673 697 4736 Stiborii
719 4676 860 4737 honesti
882 4677 1094 4754 presbiteri«

374 4776 395 4838 1.
424 4777 500 4838 1541
520 4776 685 4842 Officium
708 4777 751 4841 de
772 4779 895 4842 lancea
917 4785 953 4842 et
979 4798 1109 4844 corona
1131 4781 1272 4844 domini.

375 4881 396 4942 1.
425 4878 501 4942 1541
520 4881 804 4961 specificationes
827 4889 1051 4962 peccatorum
1073 4885 1179 4949 latine
1196 4892 1231 4949 et
1245 4888 1434 4951 bohemiae.
1462 4884 1668 4964 (Slovnscek

268 4959 390 5030 hh'cbir
412 4963 622 5048 tat-eeslry').

957 5196 987 5244 19
1515 5189 1543 5244 2“
