4046 5972
379 590 459 641 Xl'lll

379 820 477 881 quam
502 816 636 879 prorsus
660 800 775 860 nullae.
823 799 908 878 Quin
931 801 1122 876 corrigenda
1144 807 1176 860 et
1198 799 1351 859 addenda
1382 804 1413 858 in
1437 799 1502 860 tine
1533 801 1601 858 libri
1632 803 1779 872 antein7

378 908 481 966 dicem
506 909 612 982 posita
636 903 808 981 plurimum
842 908 952 981 augeri
978 908 1113 981 possint,
1149 919 1358 982 nequaquam
1393 903 1516 970 dubito,
1552 903 1611 962 sed
1635 920 1656 961 a
1679 904 1776 964 bene-

377 1011 460 1071 volis
483 1017 515 1069 et
538 1013 580 1068 rei
606 1011 713 1085 peritis
737 1008 874 1081 arbitris,
900 1011 927 1066 si
950 1012 981 1066 in
1006 1013 1095 1068 tanto
1127 1014 1159 1068 et
1192 1015 1257 1068 tam
1293 1007 1444 1067 diuturno
1479 1006 1589 1066 labore
1624 1023 1775 1068 nonnun-

378 1132 477 1194 quam
501 1114 751 1183 dormitaverim‚
776 1117 905 1171 veniam
930 1118 1014 1189 peto
1064 1177 1067 1184 ,

481 1233 566 1294 Huic
589 1233 738 1309 catalogo
761 1237 792 1292 in
816 1232 881 1292 fine
905 1232 1070 1292 subiectae
1088 1238 1164 1292 sunt
1179 1230 1328 1291 diversae
1352 1231 1490 1303 tabulae,
1515 1247 1653 1309 quarum
1671 1233 1773 1307 prima

379 1338 483 1410 docet,
507 1337 595 1399 unde
618 1335 813 1396 bibliotheca
835 1342 947 1396 nostra
970 1337 1101 1395 codices
1125 1338 1242 1395 latinos
1265 1339 1435 1411 acceperit,
1459 1338 1575 1394 ceteris
1599 1338 1693 1412 quasi
1707 1335 1770 1392 sub

378 1459 445 1502 uno
468 1447 605 1519 aspectu
629 1446 793 1517 ponuntur
816 1439 850 1512 2)
873 1441 1005 1499 codices
1029 1441 1114 1499 latini
1139 1455 1224 1499 saec.
1249 1436 1321 1499 XIV
1344 1440 1553 1516 antiquiores,
1584 1436 1619 1510 3)
1643 1437 1775 1498 codices

379 1549 464 1606 latini
488 1546 598 1606 litteris
621 1545 794 1604 initialibus
830 1548 922 1621 pictis
956 1545 1008 1603 vel
1040 1543 1235 1620 imaginibus
1270 1545 1427 1614 exornati,
1461 1542 1495 1614 4)
1519 1542 1653 1601 codices
1688 1541 1775 1600 latini

378 1652 548 1711 bohemice
571 1651 706 1726 glossati
729 1649 781 1706 vel
803 1649 992 1726 interpolati,
1016 1648 1051 1722 5)
1074 1647 1206 1707 codices
1237 1647 1332 1721 latini,
1364 1646 1483 1724 quibus
1518 1646 1665 1704 admixta
1699 1651 1776 1705 sunt

378 1755 537 1831 opuscula
560 1753 741 1826 bohemica,
765 1750 799 1824 6)
823 1752 955 1812 codices
990 1753 1076 1812 latini
1109 1754 1293 1828 germanice
1327 1751 1463 1826 glossati
1497 1750 1548 1808 vel
1582 1750 1773 1825 interpolati,

379 1859 411 1932 ῖ)
435 1859 567 1918 codices
592 1858 690 1926 latini,
725 1857 843 1934 quibus
867 1857 1012 1915 admixta
1046 1861 1123 1916 sunt
1157 1856 1316 1932 opuscula
1349 1857 1545 1930 germanica,
1581 1851 1616 1924 8)
1640 1853 1773 1912 codices

378 1965 475 2036 latini,
499 1966 531 2021 in
556 1961 674 2038 quibus
698 1964 809 2021 insunt
844 1961 1005 2037 opuscula
1040 1964 1125 2038 typis
1160 1976 1284 2018 excusa
1317 1960 1368 2018 vel
1401 1962 1561 2034 imagines
1597 1959 1683 2034 ligno
1718 1964 1774 2016 aut

377 2069 442 2127 aeri
466 2070 598 2140 incisae,
621 2064 655 2140 9)
679 2064 811 2124 codices
835 2064 930 2138 latini,
967 2080 1105 2142 quorum
1129 2064 1289 2141 operculis
1319 2062 1459 2138 adligata
1493 2061 1544 2120 vel
1574 2060 1775 2137 adglutinata

378 2177 455 2230 sunt
478 2169 658 2246 fragmenta
680 2168 832 2227 hebraica
854 2173 885 2228 et
908 2169 1061 2244 liturgica.
1108 2168 1275 2228 Postremo
1311 2169 1456 2244 sequitur
1478 2165 1576 2224 unico
1599 2164 1774 2241 alphabeto

378 2279 552 2334 contextus
575 2274 673 2333 index
698 2288 922 2349 personarum,
946 2273 1100 2350 locorum,
1133 2289 1237 2332 rerum
1262 2289 1282 2330 a
1305 2270 1382 2330 Phil.
1407 2268 1471 2328 Dre
1493 2267 1542 2330 Vl.
1569 2266 1673 2345 Kybal
1697 2283 1774 2327 con-

377 2381 537 2452 cinnatus
562 2378 603 2436 de
626 2393 701 2454 quo,
737 2392 811 2436 cum
836 2392 898 2434 sua
931 2375 1185 2453 praefatiuncula
1218 2376 1397 2436 instructus
1431 2373 1481 2443 sit,
1517 2373 1569 2431 hic
1604 2374 1773 2447 copiosius

378 2483 484 2541 dicere
510 2480 720 2557 supersedeo.

482 2980 602 3052 Restat,
627 2987 662 3040 ut
683 2984 804 3056 gratias
817 2997 940 3058 easque
953 2984 1114 3040 maximas
1130 2996 1226 3055 agam
1242 2981 1319 3039 viris
1344 2979 1384 3038 de
1408 2981 1470 3040 hoc
1487 2979 1637 3052 catalogo
1653 2978 1774 3052 optime

378 3089 507 3158 meritis,
533 3087 586 3161 qui
611 3085 719 3160 plures
744 3091 831 3155 sunt,
863 3100 961 3161 quam
992 3089 1026 3144 ut
1049 3100 1165 3142 omnes
1196 3085 1377 3144 enumerari
1412 3086 1548 3160 possint.
1597 3079 1693 3158 Quod
1718 3094 1773 3137 co-

377 3190 468 3249 dices
492 3194 623 3248 nostros
648 3203 747 3246 manu
771 3190 911 3264 scriptos
934 3190 1118 3248 accuratius
1142 3188 1325 3247 describere
1356 3191 1457 3265 coepi,
1490 3189 1637 3264 inprimis
1669 3183 1776 3244 excel·

376 3294 547 3353 lentissimi
571 3296 628 3351 viri
644 3289 754 3352 GUlL.
772 3309 823 3369 eq.
840 3289 1020 3369 HARTEL,
1039 3309 1066 3350 c.
1084 3309 1105 3351 r.
1123 3292 1312 3352 eruditionis
1336 3293 1484 3369 publicae
1500 3293 1647 3364 ministri,
1672 3287 1773 3350 favori

377 3405 409 3458 et
431 3397 676 3456 benevolentiae
701 3395 846 3470 debetur,
880 3399 935 3473 qui
967 3396 1042 3454 mihi
1077 3396 1117 3454 de
1152 3396 1214 3455 hoc
1245 3413 1342 3473 opere
1377 3399 1528 3474 cogitanti
1563 3413 1630 3456 non
1666 3393 1772 3452 solum

377 3503 534 3561 benevole
557 3503 679 3572 annuit,
705 3498 764 3557 sed
788 3503 883 3558 etiam
907 3502 1045 3576 catalogi
1067 3503 1154 3576 typis
1178 3500 1362 3561 excudendi
1394 3517 1452 3578 spe
1476 3504 1541 3559 iam
1573 3505 1642 3559 tum
1677 3499 1770 3570 illata,

376 3610 412 3665 ut
434 3610 477 3665 ita
500 3604 617 3678 dicam,
642 3604 778 3662 calcaria
801 3602 932 3663 addidit.
968 3601 1110 3662 Easdem
1133 3607 1253 3680 gratias
1277 3603 1380 3663 refero
1404 3603 1679 3663 excellentissimo
1703 3606 1773 3662 eius

376 3709 515 3768 antehae
528 3707 671 3783 collegae
689 3704 786 3768 ANT.
800 3705 948 3782 REZEK,
965 3711 1029 3784 qui,
1046 3713 1081 3766 ut
1096 3714 1147 3767 est
1158 3710 1356 3784 antiquitatis
1373 3711 1583 3784 investigator
1599 3708 1774 3785 diligentis-

377 3816 491 3886 simuS,
505 3815 650 3871 instituto
663 3827 737 3870 meo
750 3808 996 3871 contentissime
1009 3809 1205 3888 suffragatus
1219 3817 1277 3870 est.
1292 3808 1404 3890 Neque
1418 3815 1514 3871 etiarn
1528 3811 1617 3870 domi
1630 3810 1774 3872 lautores

376 3917 525 3976 benevoli
541 3922 573 3974 et
588 3914 753 3974 adiutores
770 3930 876 3973 rerum
900 3917 1082 3991 peritissimi
1099 3915 1175 3974 mihi
1200 3915 1342 3976 deerant.
1374 3914 1478 3975 Primo
1495 3916 1688 3975 doctissimo
1704 3920 1773 3976 viro

376 4017 485 4080 RlCH.
510 4015 699 4092 lx'UKULA,
715 4017 928 4077 bibliothecae
951 4023 1082 4078 nostrae
1099 4017 1262 4095 praelecto
1285 4023 1451 4088 acerrimo,
1470 4021 1641 4096 plurimum
1659 4021 1775 4096 debeo,

377 4128 440 4201 qui,
455 4129 613 4200 quantum
630 4121 696 4182 fieri
712 4127 845 4200 poterat,
865 4122 1006 4182 laborem
1027 4138 1135 4181 meum
1151 4123 1343 4182 sublevabat
1365 4122 1527 4184 adiunctis
1545 4123 1621 4183 mihi
1635 4129 1772 4203 singulis

377 4227 492 4286 diebus
510 4243 566 4303 per
588 4243 687 4286 unam
712 4226 825 4285 horam
849 4226 1061 4286 bibliothecae
1081 4225 1285 4298 officialibus
1303 4226 1357 4304 qui
1378 4229 1487 4286 titulos
1512 4245 1647 4305 operum
1673 4246 1772 4291 manu

377 4335 568 4408 scriptorum
583 4347 600 4389 e
613 4329 745 4389 schedis
758 4333 840 4389 meis
853 4330 1103 4390 transcriberent
1115 4335 1147 4389 et
1158 4333 1189 4390 in
1203 4329 1349 4391 ordinem
1362 4331 1524 4408 alphabeti
1539 4332 1728 4408 digererent,
1742 4335 1774 4396 id

377 4435 464 4514 quod
479 4435 555 4494 mihi
571 4434 613 4494 ad
630 4450 714 4511 opus
733 4434 991 4511 promovendum
1005 4434 1148 4494 maximo
1161 4438 1234 4494 usui
1248 4441 1323 4494 erat.
1343 4433 1390 4494 Eo
1403 4435 1503 4494 modo
1517 4441 1639 4513 partitis
1653 4445 1775 4518 tempo-

377 4540 465 4598 ribus
488 4539 522 4598 hi
546 4540 689 4615 collegae
723 4541 912 4597 amicissimi
946 4555 998 4598 me
1022 4540 1196 4600 iuvabant:
1234 4537 1313 4598 Βοὴ.
1338 4518 1478 4599 (ermeli
1502 4541 1535 4616 (†
1563 4541 1667 4614 1899),
1702 4543 1774 4606 Joh.

377 4623 522 4720 Siastny,
547 4641 628 4702 Boh.
653 4639 803 4714 Navratil
839 4641 888 4702 Fr.
914 4639 1104 4709 Studnidka.
1140 4641 1222 4703 Guil.
1247 4641 1374 4720 Herzig.
1410 4644 1529 4720 quibus
1553 4645 1616 4705 hoc
1641 4663 1772 4726 quoque

376 4749 448 4807 loco
473 4748 598 4807 debitas
622 4751 741 4824 gratias
765 4744 877 4806 refero
924 4744 1098 4825 Suppetias
1122 4764 1244 4824 easque
1276 4751 1438 4807 maximas
1461 4749 1540 4809 mihi
1563 4751 1676 4812 crebro
1700 4752 1776 4814 affe-

377 4852 490 4912 rebant
512 4855 569 4911 viri
593 4854 862 4928 praestantissimi
885 4857 982 4928 atque
1006 4852 1186 4912 doctissimi
1210 4850 1294 4912 tait.
1312 4849 1434 4918 GOLL.
1458 4857 1677 4915 universitatis
1703 4856 1775 4917 Pra-

376 4959 488 5034 gensis
513 4954 680 5034 professor
703 4956 925 5032 dignissimus,
950 4965 981 5015 et
1005 4955 1124 5016 rouo.
1148 4955 1306 5029 Tabim,
1330 4956 1455 5034 collega
1471 4962 1702 5027 suavissimus,
1730 4963 1774 5022 ad

377 5077 515 5139 quorum
539 5065 638 5121 nutus
662 5061 836 5120 nonnullos
860 5077 984 5120 errores
1009 5065 1199 5138 tempestiue
1223 5064 1348 5122 evitavi.
1381 5059 1620 5124 Consummato
1645 5066 1777 5127 tandem
