4040 5954
900 496 982 558 1232

345 723 372 778 p.
402 703 465 764 184
488 703 628 778 (adglut.)
651 707 818 782 T(homae)
841 707 1030 783 J(ohannis)
1059 707 1194 783 limus)
1228 706 1365 766 Carmen
1393 709 1638 780 gratulatorium

235 807 322 849 novo
345 791 453 849 abbati
469 790 674 851 Carloviensi
688 792 872 867 Augustino
887 795 1032 852 iohanni
1054 794 1195 853 Paulrert
1210 795 1353 853 oblatum
1373 809 1400 853 a.
1417 793 1507 852 1770.
1525 795 1635 868 (Unum

235 879 417 1024 soliumssner
438 969 502 1024 480
526 973 554 1024 et
576 968 637 1024 481
663 968 744 1038 ligat.
768 967 855 1024 Uber
878 966 929 1023 die
953 1011 960 1026 .
985 1009 992 1024 .
1018 1011 1025 1026 .
1049 969 1110 1024 den
1137 969 1184 1025 ll.
1207 967 1288 1025 Julii
1312 983 1398 1025 anno
1425 965 1638 1040 17303οωί-

234 1051 306 1110 tene
330 1053 427 1110 Wahl
451 1097 459 1114 .
485 1097 492 1111 .
517 1096 523 1110 .
548 1050 726 1110 Clementis
748 1053 818 1111 xil.
853 1055 950 1110 sollte
984 1055 1097 1111 seinen
1127 1054 1367 1112 Glilclrwunsch
1392 1099 1399 1114 .
1425 1098 1431 1112 .
1455 1096 1463 1112 .
1488 1054 1638 1127 darlegen

235 1137 271 1196 C.
294 1139 327 1197 1..
351 1155 383 1200 v.
406 1140 457 1197 W.
482 1141 515 1211 (2
539 1135 634 1216 lolia).
659 1140 702 1197 Ex
726 1142 796 1200 bibl.
822 1143 967 1198 canoniae
990 1141 1199 1201 Carlovlensis.

340 1316 434 1399 Ι227
813 1317 896 1394 VII.
922 1319 966 1394 B.
993 1319 1030 1394 3.

235 1456 343 1520 chart.
368 1475 401 1519 α.
425 1456 510 1520 1747
523 1457 569 1539 ff.
592 1457 655 1520 151
680 1475 785 1532 uum„
807 1457 952 1518 35><22
974 1475 1037 1520 cm.
1066 1457 1079 1519 1
1105 1476 1150 1519 m.

237 1575 364 1640 »Index
386 1577 600 1640 universalis
623 1578 756 1640 archivi
780 1578 813 1640 S.
838 1576 962 1640 Crucis
984 1577 1128 1641 Maioris
1151 1579 1311 1642 canonici
1333 1579 1468 1641 ordinis
1485 1577 1636 1656 crucige·

234 1682 352 1727 rorum
377 1683 456 1728 eum
480 1666 589 1727 rubeo
611 1666 713 1728 corde
738 1666 779 1726 de
801 1664 1018 1742 poenitentia
1033 1666 1213 1728 beatorum
1228 1678 1432 1746 martyrum,
1455 1664 1636 1727 confectus

234 1767 264 1812 a.
291 1749 373 1813 1747
397 1757 432 1814 et
455 1752 619 1830 deinceps
635 1751 879 1814 continuatus«
906 1751 1006 1830 (cura
1018 1757 1053 1814 et
1067 1769 1175 1814 manu
1188 1752 1361 1815 Johannis
1377 1751 1495 1816 Caroli
1509 1751 1636 1829 Rohn).

234 1838 334 1900 Index
357 1840 410 1900 hic
434 1845 560 1918 spectat
582 1838 625 1900 ad
648 1839 721 1900 cod.
754 1837 818 1900 Vll.
850 1839 889 1899 A.
917 1836 957 1899 10
979 1856 999 1901 a
1022 1839 1043 1901 b
1066 1856 1085 1901 c
1108 1845 1141 1900 et
1162 1839 1225 1902 VII.
1251 1842 1288 1902 A.
1317 1842 1351 1903 ll
1388 1846 1420 1900 et
1441 1838 1520 1902 Xill.
1545 1839 1579 1900 B.
1605 1837 1636 1900 6.

343 1944 387 2002 Ex
411 1953 537 2003 monast.
562 1945 591 2004 S.
617 1945 720 2002 Crucis
744 1945 865 2000 Maioris
888 1943 971 2018 Prag.

340 2121 435 2202 1228
808 2122 893 2198 VII.
922 2125 965 2198 B.
993 2123 1029 2198 4.

234 2261 341 2324 chart.
365 2265 501 2341 autogr.
525 2279 558 2324 a.
582 2263 667 2325 1747
687 2261 725 2343 ff.
747 2263 822 2336 363,
845 2263 990 2326 35><22
1012 2281 1075 2326 cm.

235 2381 461 2461 »Fragmenta
484 2389 519 2445 et
543 2383 743 2445 sententiae
766 2384 969 2462 sapientum
992 2433 999 2448 .
1026 2435 1032 2446 .
1059 2431 1066 2447 .
1090 2401 1152 2463 per
1174 2386 1412 2462 alphabeticos
1441 2385 1564 2448 titulos
1599 2385 1636 2446 in

232 2469 389 2531 ordinem
412 2469 584 2548 disposita
606 2487 626 2532 a
648 2470 804 2549 Josepho
826 2470 977 2534 Ernesto
1000 2472 1161 2534 Barisien
1183 2488 1211 2538 a.
1240 2469 1331 2534 1747.
1354 2472 1450 2536 Tom.
1466 2473 1490 2536 1.
1507 2471 1633 2534 A-J.‹

340 2596 423 2654 Torn.
448 2596 482 2654 11.
508 2597 568 2654 vid.
593 2595 614 2652 l.
638 2596 675 2654 Α.
701 2597 741 2651 24
764 2605 792 2652 et
815 2598 1020 2669 supplementa
1043 2596 1065 2656 l.
1089 2597 1125 2655 Α.
1155 2597 1201 2653 16.
1248 2596 1349 2652 Codex
1385 2598 1421 2652 ab
1457 2603 1576 2652 auctore
1608 2613 1634 2656 a.

236 2683 316 2738 1766
341 2684 469 2740 donatus
494 2691 537 2739 est
562 2684 757 2740 bibliothecae
781 2684 900 2754 collegii
923 2683 953 2738 S.
979 2683 1004 2742 J.
1030 2683 1138 2755 Pragae
1163 2687 1200 2739 ad
1223 2681 1253 2742 S.
1277 2683 1433 2755 Ignatium.

339 2858 559 2941 1229-1231
724 2859 802 2936 VII.
832 2861 876 2934 B.
903 2861 939 2934 5.
968 2882 1006 2949 a,
1031 2859 1064 2949 b,
1090 2885 1118 2935 c.

232 3001 339 3063 chart.
365 3019 397 3062 a.
423 3001 512 3064 1705
522 2997 571 3079 ff.
595 2999 670 3076 284,
691 3001 766 3076 367,
790 2999 863 3078 465,
886 2999 1027 3062 34)(21
1054 3018 1117 3062 cm.
1142 3002 1160 3063 1
1184 3018 1229 3062 m.

229 3121 379 3185 Joannis
401 3121 603 3184 wenceslai
627 3125 669 3184 de
692 3121 914 3199 Krigelstein.
947 3127 979 3183 in
1004 3127 1145 3184 univers,
1171 3122 1260 3200 Prag.
1292 3122 1442 3201 profess,
1477 3119 1636 3198 Explica·

235 3209 350 3272 tiones
380 3208 580 3287 collegiales
610 3208 833 3287 Digestorum
864 3209 964 3270 iuxta
986 3209 1273 3271 commentarium
1303 3208 1416 3271 Zoesii
1439 3225 1460 3269 a
1482 3207 1569 3270 libro
1595 3205 1634 3268 15

235 3313 346 3374 usque
369 3296 411 3358 ad
434 3296 486 3371 50,
517 3314 601 3376 quas
625 3298 686 3356 sibi
709 3295 849 3356 describi
871 3295 947 3357 lecit
970 3296 1089 3357 Paulus
1113 3295 1184 3356 Joh.
1209 3297 1318 3370 Axlar,
1355 3293 1388 3358 S.
1412 3293 1456 3355 M.
1479 3295 1517 3356 E.
1541 3295 1634 3374 Prag.

737 3383 956 3444 scholasticus
982 3399 1011 3442 a.
1041 3382 1132 3444 1705.

340 3563 435 3645 1232
804 3561 886 3638 VII.
913 3563 958 3638 B.
978 3565 1012 3638 6.

235 3705 342 3768 chart.
365 3721 450 3767 saec.
474 3703 513 3766 X
516 3702 545 3764 V
552 3701 603 3783 ss.
625 3703 701 3780 348,
721 3704 761 3767 31
767 3704 800 3765 ·5
810 3704 897 3767 ><22
919 3722 981 3767 cm.
1005 3703 1023 3765 l
1048 3721 1094 3764 m.

235 3826 427 3908 (Benedicti
448 3825 700 3906 Massiliensis)
723 3826 905 3889 Tractatus
928 3825 1010 3888 fidei
1039 3830 1160 3888 contra
1190 3824 1349 3886 diversos
1383 3839 1521 3885 errores
1555 3840 1634 3886 cum

495 3912 725 3991 Expositione
746 3913 931 3976 decretalis
966 3911 1145 3975 »Firmiter
1167 3912 1371 3973 credimus«.

338 4054 359 4115 l.
387 4055 517 4116 1·—1l·
537 4050 666 4115 Tabula
689 4070 795 4114 rerum
819 4054 1032 4132 alphabetica.

338 4159 358 4222 l.
388 4155 545 4220 122--25b
567 4156 695 4220 Textus
719 4158 860 4237 symboli
884 4175 960 4218 cum
983 4157 1089 4219 indice
1113 4171 1257 4216 errorum
1280 4154 1442 4233 parallelo.

339 4264 360 4326 1.
386 4263 443 4324 261
468 4266 594 4338 (rubr.:)
620 4261 753 4341 »Incipit
775 4266 932 4324 tractatus
956 4261 1032 4322 fidei
1054 4266 1168 4322 contra
1202 4259 1350 4318 diversos
1373 4273 1498 4318 errores
1532 4272 1632 4336 super

235 4353 359 4412 titulum
384 4351 424 4411 de
439 4367 570 4411 summa
593 4353 729 4410 trinitate
752 4355 785 4409 et
806 4349 872 4409 fide
889 4348 1051 4409 katholica
1066 4352 1098 4407 in
1114 4346 1339 4408 decretalibus
1364 4342 1481 4420 (atram.
1493 4342 1514 4422 z)
1539 4341 1630 4422 Quo·

234 4443 319 4500 niam
343 4438 428 4499 fides
451 4442 503 4498 est
525 4441 630 4497 tocius
654 4437 830 4515 spiritualis
852 4435 969 4496 edificii
993 4433 1261 4495 fundamentum«
1287 4433 1320 4488 ><
1343 4429 1364 4493 l.
1388 4426 1468 4490 341b
1495 4434 1545 4490 »et
1568 4447 1630 4508 ego

234 4531 332 4587 vitam
355 4530 500 4586 eternam
525 4524 567 4584 do
591 4527 648 4584 eis.
673 4521 781 4602 Quam
806 4523 1057 4583 retribucionem
1081 4521 1176 4582 nobis
1200 4523 1343 4599 prestare
1378 4518 1529 4594 dignetur
1558 4520 1632 4595 ipsa

233 4616 450 4691 veritasque
475 4611 560 4672 hanc
584 4614 738 4688 promittit
761 4609 849 4670 dom.
874 4607 1011 4670 nosti.
1038 4607 1113 4671 Chr.
1139 4608 1274 4668 Amen«

336 4715 356 4778 l.
381 4711 591 4777 mlh-348⁸
613 4713 789 4793 Praecepta
814 4714 855 4774 de
879 4715 1051 4774 haereticis
1075 4711 1261 4773 tractandis
1286 4708 1390 4784 (Folio
1408 4708 1520 4768 ultimo
1544 4713 1632 4768 trun·

233 4809 306 4864 cato
330 4819 451 4864 nomen
474 4805 618 4863 auctoris
641 4801 787 4876 excidit).

340 4909 493 4982 Operculis
528 4910 657 4980 adligata
689 4913 760 4964 sunt
794 4907 956 4978 fragmenta
990 4908 1149 4964 membran.
1173 4880 1292 4961 ¹codicis
1316 4902 1473 4958 cuiusdam
1496 4900 1634 4971 liturgici,

234 4997 311 5054 notis
335 4999 456 5054 musicis
475 4997 617 5066 instructi,
641 5011 719 5057 saec.
742 4993 921 5052 XIV-XV.

911 5215 961 5264 479
