3990 5956
1051 544 1116 606 614

380 757 448 815 cias
471 770 620 832 agamus,
664 751 850 832 Expliciunt
882 753 969 815 dicta
1001 757 1111 815 eximii
1144 753 1287 815 doctoris
1319 751 1427 814 Orosii
1450 769 1551 832 super
1573 752 1667 817 Cant.
1693 763 1777 817 cant

380 840 469 901 Alias
492 841 669 902 intitulatur
690 838 835 918 Sigillum
859 857 887 902 s,
910 839 1020 914 Marte,
1044 844 1076 901 in
1099 857 1165 920 quo
1188 846 1257 903 tota
1278 843 1405 902 cantica
1428 841 1610 919 specialiter
1625 841 1778 921 adaptata

381 931 459 988 sunt
480 930 553 988 eius
577 943 747 1006 persona«

487 1029 508 1092 i.
537 1027 738 1092 liii—294b
760 1028 897 1092 Nicolai
919 1030 962 1092 de
985 1028 1122 1092 Gorran
1143 1028 1328 1108 Expositio
1350 1045 1456 1108 super
1489 1031 1680 1094 canonicas
1713 1037 1777 1112 epi·

381 1115 483 1177 stolas
506 1115 629 1192 Jacobl,
652 1116 744 1190 Petri,
768 1117 914 1190 loannis
937 1115 1052 1178 Judae.
1078 1117 1314 1179 »Prohemium
1338 1115 1441 1178 Missa
1464 1122 1543 1180 sunt
1564 1119 1721 1197 epistole«
1745 1121 1776 1175 Χ

383 1201 540 1281 »Explicit
561 1205 730 1284 exposicio
761 1207 869 1265 eximii
892 1204 1035 1265 doctoris
1068 1202 1172 1282 Egr'dii
1206 1203 1343 1265 Romani
1377 1203 1537 1283 (radendo
1572 1205 1681 1267 deleto
1714 1206 1776 1268 hoc

380 1293 512 1350 nomine
536 1290 800 1368 superscribitur:
824 1289 940 1370 Gorre)
965 1307 1064 1370 super
1086 1295 1275 1352 canonicas,
1300 1288 1372 1351 Deo
1394 1295 1553 1369 gracias«

483 1375 502 1437 1.
527 1372 733 1437 2941-311·
756 1375 949 1439 Clementis
971 1391 1082 1455 papae
1103 1376 1118 1438 1
1140 1375 1319 1455 Epistolae
1341 1377 1494 1456 quinque
1520 1382 1690 1456 (spuriae).

482 1461 502 1522 i.
526 1458 732 1524 3111-325ι
756 1463 790 1525 S.
812 1464 998 1542 Augustini
1019 1462 1122 1525 Liber
1143 1463 1441 1542 supputationum.
1466 1462 1624 1526 »Summa
1654 1469 1776 1526 trinitas

378 1551 480 1609 virtus
503 1565 587 1610 una«
614 1550 646 1606 ><
673 1548 828 1629 »Explicit
861 1551 939 1613 liber
973 1554 1246 1630 supputacionum
1281 1553 1389 1612 eximii
1420 1550 1564 1612 doctoris
1598 1552 1630 1612 b.
1664 1553 1775 1631 Augu-

381 1638 485 1696 siluis

483 1721 503 1782 1.
527 1720 733 1782 3251-3261
758 1720 931 1801 »Sequitur
952 1723 1014 1783 alia
1036 1725 1145 1784 oracio
1168 1723 1311 1802 pulchra.
1350 1722 1402 1784 Da
1424 1724 1501 1785 mihi
1525 1727 1607 1786 scire
1631 1731 1664 1787 et
1686 1727 1775 1788 intel-

379 1808 505 1886 ligere«

486 1893 508 1956 1.
531 1891 737 1956 3262-3282
763 1893 924 1960 ›Collacio
948 1895 1082 1974 pulchra
1104 1896 1145 1958 de
1161 1914 1188 1958 s.
1205 1913 1311 1958 cruce.
1328 1895 1470 1977 Quidam
1486 1897 1667 1975 discipulus
1683 1901 1777 1959 inter-

382 1984 525 2058 rogavit«
550 1985 610 2042 etc.

486 2066 507 2128 1.
531 2065 738 2128 3281-331ι
761 2067 982 2130 Auctoritates
1006 2069 1046 2129 de
1071 2073 1266 2148 purgatorio.

487 2152 507 2214 1.
531 2151 738 2214 3312-336·
760 2151 793 2216 S.
816 2153 990 2217 lobannis
1014 2154 1261 2234 chrysostomi
1283 2155 1462 2234 Epistolae
1485 2162 1646 2233 quatuor.

486 2239 508 2300 i.
531 2235 737 2301 33612-337·
760 2238 926 2320 Epistolae
950 2245 1096 2321 spuriae:
1121 2241 1232 2320 Ignatii
1256 2243 1298 2304 ad
1321 2241 1506 2305 Johannem
1529 2243 1776 2322 evangelistam.

379 2326 421 2387 ad
444 2325 580 2387 Mariam
603 2332 739 2388 matrem
762 2326 851 2400 Jesu‚
875 2325 996 2390 Mariae
1019 2329 1062 2389 ad
1085 2329 1254 2407 Ignatium.

486 2412 508 2473 i.
531 2409 737 2474 3372„343s
760 2413 794 2475 S.
817 2412 1001 2490 Augustini
1032 2414 1236 2478 Sermones:
1271 2415 1312 2478 de
1346 2419 1494 2477 castitate
1528 2418 1701 2496 coniugali,
1736 2417 1777 2478 de

377 2498 590 2567 familiaritate
614 2506 778 2574 extranea,
803 2502 843 2562 de
867 2504 1005 2564 lectione
1027 2503 1231 2581 evangelica:
1255 2501 1370 2564 Venite
1386 2503 1557 2576 benedicti,
1581 2503 1622 2564 de
1639 2503 1778 2565 redden·

379 2585 430 2647 dis
454 2585 599 2660 decimis
626 2585 737 2665 »Rogo
759 2603 821 2649 vos
845 2587 959 2650 iratres
990 2587 1162 2650 karissimi.
1193 2596 1230 2651 ut
1251 2593 1412 2651 attencius
1435 2593 1648 2668 cogitemus«

486 2672 506 2734 1.
530 2669 612 2734 343b
635 2671 784 2752 Origenis
807 2679 983 2737 auctoritas
1006 2675 1048 2736 de
1072 2679 1224 2754 primiciis
1253 2675 1383 2755 frugum
1415 2675 1592 2738 reddendis
1623 2677 1777 2739 sacerdo·

379 2759 475 2820 tibus.

482 2864 575 2922 Vetus
597 2867 673 2939 sign.
702 2867 736 2936 D,
762 2868 790 2926 2.

482 3033 554 3116 ott
788 3034 857 3111 IV.
886 3037 929 3112 B.
957 3037 1018 3112 12.
1048 3053 1092 3116 11.
1111 3053 1189 3107 rra
1208 3055 1308 3116 001.)

378 3155 486 3218 chari.
509 3174 543 3218 a.
566 3156 709 3239 1418ff.
731 3157 806 3232 249,
827 3158 979 3238 30><22
1000 3179 1064 3224 em.
1088 3163 1105 3224 1
1130 3179 1175 3223 111,

482 3294 717 3359 Decretalium
738 3295 1165 3362 Pseudo-isidorianarum
1186 3316 1268 3378 pars
1290 3299 1320 3362 11
1341 3303 1417 3374 (seu
1439 3306 1475 3361 ut
1494 3304 1526 3362 in
1542 3301 1697 3379 operculo
1721 3317 1776 3362 su·

376 3399 443 3461 per.
466 3384 665 3444 inscribitur:
691 3381 845 3446 Secunda
879 3403 955 3464 pars
988 3388 1210 3466 epistolarum,
1244 3388 1468 3459 conciliorum,
1504 3403 1672 3449 canonum
1707 3391 1776 3449 sive

378 3469 606 3544 decretorum).

485 3555 505 3617 f.
535 3557 568 3616 1⁸
590 3561 697 3631 (rubr.)
723 3557 950 3620 »Proverbium
974 3561 1147 3622 cuiusdam
1163 3561 1345 3642 eloquentis
1365 3557 1529 3621 CLXXV«
1554 3563 1688 3635 (atram.)
1716 3559 1778 3623 »Ut

377 3642 473 3704 tradit
495 3643 638 3721 quedam
661 3645 852 3724 eloquencie
876 3663 1035 3725 persona«
1065 3644 1251 3724 ><1.2ι17δ
1276 3646 1421 3709 »Finitus
1454 3654 1506 3711 est
1539 3648 1618 3708 liber
1650 3651 1712 3709 iste
1747 3665 1775 3709 0.

378 3729 409 3791 d.
436 3728 519 3791 1418
543 3731 682 3793 sabbato
706 3735 738 3792 in
761 3731 813 3794 die
836 3731 928 3806 Sixti,
952 3749 1016 3812 que
1040 3733 1099 3795 luit
1122 3741 1217 3796 sexta
1239 3734 1310 3796 dies
1334 3738 1459 3797 mensis
1482 3734 1652 3812 Augusti«

485 3815 507 3878 f.
531 3816 737 3879 2481-249α
760 3817 944 3898 Registrum
968 3821 1036 3881 libri
1059 3822 1310 3900 alphabeticum.

485 3940 611 3997 Primam
633 3948 743 4013 partem
760 3943 848 3998 huius
872 3943 1064 4002 collectionis
1088 3945 1398 4002 Pseudo-Isidorianae
1421 3962 1456 4003 v:
1473 3945 1523 4005 vl.
1535 3946 1570 4005 D.
1588 3949 1617 4005 9.
1642 3945 1684 4002 De
1701 3955 1778 4004 utra-

378 4043 434 4098 que
456 4028 569 4100 prolixe
599 4031 737 4085 disseruit
771 4029 901 4100 Sancite,
938 4030 1011 4088 Can.
1045 4032 1220 4090 Handschli.
1244 4049 1273 4104 p.
1301 4033 1436 4101 15-19,
1460 4035 1510 4104 qui
1533 4035 1622 4090 etiam
1644 4035 1778 4106 singulas

377 4115 518 4186 epistolas
540 4121 597 4175 etc.
620 4117 810 4176 enumeravit.
842 4116 986 4188 Operculo
1009 4119 1091 4176 inler.
1116 4121 1262 4191 adligatae
1287 4126 1356 4176 sunt
1379 4121 1478 4178 literae
1501 4119 1655 4188 lobannis,
1678 4122 1723 4178 tit.
1747 4119 1778 4179 S.

377 4199 480 4258 Crucis
512 4202 543 4258 in
575 4201 670 4259 Jerus.
704 4205 871 4272 cardinalis,
907 4206 1175 4262 archidiaconatum
1209 4207 1460 4264 Boleslaviensem
1499 4208 1616 4264 cuidam
1655 4206 1778 4265 Nicolao

378 4287 466 4430 {isira
485 4291 630 4345 canonico
653 4289 789 4360 Pragensi
812 4287 1022 4348 conferendum
1046 4301 1255 4350 concernentes
1287 4290 1544 4369 (troo-1410).
1584 4293 1677 4350 Vetus
1702 4296 1777 4366 sign.

407 4418 415 4446 ‚
443 4377 490 4433 14.

482 4525 553 4608 615
840 4531 911 4608 IV.
939 4531 983 4606 B.
1011 4530 1072 4606 13.
1101 4547 1145 4611 rl'.
1166 4547 1203 4600 11.
1219 4549 1245 4599 3.
1264 4562 1291 4599 u.
1308 4549 1363 4610 31.)

378 4647 486 4713 chori.
509 4667 596 4714 saec.
619 4649 707 4714 XIV
725 4670 771 4716 ex.
786 4651 836 4733 ff.
859 4653 935 4730 198,
956 4654 1132 4718 30·5><22
1154 4673 1228 4730 ern„
1251 4655 1269 4718 1
1294 4673 1338 4717 m.

484 4789 538 4853 Fr.
560 4791 717 4856 Mauricii
739 4791 893 4872 (Anglii)
916 4793 989 4856 ord.
1012 4793 1127 4873 praed.
1162 4793 1418 4858 Distinctiones
1453 4799 1486 4855 in
1521 4809 1619 4856 usum
1655 4793 1779 4873 praedi·

378 4881 525 4939 catorum
548 4878 749 4958 alphabetice
773 4880 928 4960 digestae.

486 4963 506 5025 1.
535 4967 568 5029 1⁸
606 4964 721 5029 »Circa
755 4967 977 5030 ableccionem
1011 4973 1100 5042 nota,
1135 4968 1271 5047 qualiter
1304 4973 1336 5030 in
1370 4971 1530 5045 scriptura
1564 4971 1721 5028 sumitur«
1746 4969 1781 5026 Χ

380 5051 402 5112 1.
429 5047 505 5113 1931
532 5058 583 5114 »et
603 5057 756 5132 precincti
782 5058 868 5116 circa
891 5061 1024 5134 pectora
1046 5071 1133 5117 zona
1147 5071 1248 5117 aurea
1269 5063 1330 5118 etc.
1359 5054 1399 5116 Et
1423 5059 1469 5116 sic
1493 5059 1545 5115 est
1569 5053 1674 5116 linis«
1722 5051 1780 5118 Se-

1056 5279 1106 5328 248
