4066 5956
965 491 1046 558 1656

298 706 493 766 solvisscm‹
522 709 553 760 ><
576 705 676 780 (epist.
703 706 830 768 dedicat.
855 707 894 762 ad
917 707 1081 763 iohannem
1104 700 1336 778 Meliorantium)
1379 699 1448 762 »Ex
1469 697 1623 761 Venecils
1647 697 1704 760 idi·

299 791 361 853 bus
386 791 530 853 octobris
558 790 670 853 1437.‹

407 894 428 956 l.
457 891 665 978 10113-119·
703 894 928 974 ›Synonyma
961 892 1161 958 Ciceronis‹
1200 895 1255 964 i:
1271 892 1423 953 dictionis
1456 888 1704 962 Ciceronianae)

297 981 420 1044 ordine
444 981 667 1061 alphabetico
690 981 835 1061 digesta.
862 979 1052 1043 »Sinonima
1074 978 1118 1040 M.
1141 977 1181 1043 T.
1205 978 1242 1043 C.
1267 979 1324 1040 diu
1356 977 1474 1039 trustra
1504 977 1651 1056 quesita«
1669 975 1703 1033 ><

300 1072 429 1142 »vitare
463 1069 640 1140 declinare,
674 1068 911 1148 subterfugere.
945 1067 1032 1130 Finis
1056 1071 1295 1130 sinonimorum
1315 1113 1322 1129 .
1341 1111 1348 1126 .
1368 1111 1376 1128 .
1393 1063 1589 1126 Horzowicz
1612 1079 1701 1123 anno

297 1201 359 1218 ...
383 1155 440 1217 ler.
464 1154 504 1218 Ill
532 1161 610 1234 post
632 1153 774 1217 Domine
798 1173 839 1217 ne
863 1157 977 1234 longe«
1004 1155 1216 1233 (subscriptio
1248 1154 1330 1215 haec
1354 1152 1501 1213 mutilata
1524 1151 1596 1221 est).
1644 1146 1702 1212 Se·

296 1246 405 1320 quitur
427 1243 631 1304 rubricatum
656 1258 777 1304 nomen
805 1242 1029 1321 possessoris:
1056 1240 1235 1303 »lobannis
1259 1239 1438 1318 Capiiczar,
1475 1238 1590 1299 decani
1612 1235 1700 1298 Wis-

295 1325 646 1410 segradensisllalil.⁸

399 1450 544 1524 Operculo
567 1468 664 1525 super.
688 1453 864 1510 intrinsecus
886 1451 1060 1525 inscriptum
1082 1459 1143 1510 est:
1168 1453 1289 1510 »Revea
1313 1451 1387 1522 patri
1403 1451 1482 1507 dom.
1514 1447 1639 1504 Fantino
1662 1451 1698 1504 de

295 1538 388 1608 Valle,
413 1539 489 1596 sacri
513 1540 635 1611 pallacii
660 1539 817 1612 apostolici
841 1541 977 1609 auditori,
1002 1539 1244 1611 archipresbitero
1267 1536 1457 1604 Peratinensi,
1496 1534 1568 1592 iuris
1591 1535 1700 1592 utrius-

292 1641 351 1696 que
374 1628 497 1692 doctori,
521 1627 648 1683 domino
672 1633 701 1682 et
723 1626 884 1698 preceptori
908 1627 1048 1699 optimo«
1073 1627 1110 1683 A.
1138 1626 1218 1684 1609
1243 1621 1385 1681 liberhic
1408 1624 1521 1679 eratin
1544 1622 1614 1680 bibl.
1642 1623 1696 1678 Ro·

295 1713 475 1784 senbergica‚
500 1714 607 1769 deinde
630 1713 810 1770 monasterio
833 1712 1015 1770 'liebonensi
1039 1713 1153 1784 obtigit.

401 1915 498 1997 1655
863 1914 965 1993 VIII.
992 1916 1043 1992 H.
1074 1915 1132 1990 72.

292 2055 479 2118 membran.
503 2073 590 2118 saec.
606 2054 644 2118 X
649 2056 676 2118 V
681 2057 729 2140 ff.
753 2057 826 2135 169,
848 2056 1099 2121 20·3><13cm.
1123 2057 1274 2119 charact.
1291 2072 1421 2119 renasc.
1439 2053 1485 2117 lit.
1502 2070 1571 2115 uria
1588 2070 1695 2114 mauu

291 2142 541 2222 elegantissime
562 2147 728 2206 exaratus
753 2149 782 2207 et
804 2145 1012 2220 rubricatae,
1034 2143 1081 2207 tit.
1104 2142 1175 2205 init.
1203 2144 1305 2225 pictis
1334 2146 1365 2204 et
1395 2140 1575 2203 deauratis
1603 2156 1694 2202 eror-

292 2233 396 2291 natus
418 2229 540 2308 (textus
552 2231 619 2308 fal.
642 2233 680 2292 1²
703 2233 796 2294 tatus
808 2230 962 2310 floribus
982 2230 1182 2293 nitidissime
1198 2230 1299 2311 pictis
1330 2232 1361 2292 et
1382 2228 1562 2290 deauratis
1591 2227 1695 2288 iuclu-

290 2333 351 2378 sus
373 2319 446 2390 est).
492 2312 659 2398 Opercula
696 2319 808 2398 lignea
837 2318 930 2381 corio
954 2320 1127 2400 purpureo
1150 2316 1303 2379 obducta.
1327 2315 1438 2378 Frons
1459 2314 1542 2377 libri
1562 2317 1694 2375 aurata

290 2406 347 2464 est.

549 2507 682 2570 Juatini
705 2507 865 2587 Epitome
889 2508 1119 2572 historiarum
1141 2507 1244 2588 Trogi
1266 2506 1434 2585 Pompeii.

393 2631 496 2689 Codex
518 2633 567 2689 hic
589 2633 767 2704 praeclarus,
802 2632 832 2689 in
862 2633 947 2690 Italia
976 2638 1126 2705 exaratus,
1163 2633 1359 2690 bibliothecae
1383 2632 1578 2689 corvinianae
1601 2629 1692 2686 luisse

288 2719 412 2788 videtur,
436 2735 473 2775 ex
495 2735 564 2790 qua,
588 2727 621 2776 ut
642 2722 729 2776 docet
751 2727 823 2776 nota
846 2721 876 2776 in
899 2721 1037 2792 operculo
1061 2720 1142 2777 inter.
1166 2719 1259 2792 (vlste
1282 2719 1356 2776 liber
1378 2724 1422 2776 est
1438 2733 1521 2775 meus
1545 2733 1597 2774 vas
1614 2717 1690 2774 Petri

288 2805 423 2862 Garazda
445 2810 481 2862 de
504 2806 679 2878 Ungaria‹),
721 2806 804 2864 Petro
840 2806 975 2863 Garazda
1008 2807 1122 2878 obtigit.
1168 2806 1318 2863 Postremo
1353 2806 1459 2862 librum
1483 2804 1688 2862 celeberrimus

288 2900 388 2948 noster
410 2892 589 2950 Fortunatus
613 2894 721 2950 Durich
745 2911 773 2952 a.
801 2892 881 2952 1802
906 2895 1061 2950 defunctus
1086 2894 1281 2950 bibliothecae
1318 2899 1435 2950 nostrae
1468 2892 1587 2964 legavit.
1632 2890 1690 2962 (cf.

287 2979 413 3036 Hanslik
436 2998 464 3052 p.
491 2980 579 3051 605.)

393 3146 486 3228 1656
857 3149 964 3226 VIII.
993 3149 1045 3227 H.
1083 3151 1142 3226 73.

286 3269 476 3333 membran.
498 3288 585 3335 saec.
609 3269 678 3333 XV
689 3273 737 3356 ff.
760 3272 834 3349 209,
856 3275 903 3336 35
915 3274 948 3331 ><
961 3272 1039 3336 aaa
1059 3291 1133 3348 cm.,
1157 3291 1228 3336 rena
1250 3291 1359 3335 manu
1381 3272 1533 3336 charact.
1556 3287 1688 3333 renasc.

285 3356 333 3418 lit.
357 3356 559 3420 nitidissime
579 3365 750 3434 exaratus,
775 3360 822 3422 tit.
846 3359 916 3422 init.
935 3360 1036 3441 pictis
1058 3364 1089 3422 et
1111 3361 1290 3422 deauratis
1312 3355 1363 3431 (in
1377 3360 1496 3441 prima
1511 3360 1560 3422 est
1572 3357 1687 3438 imago

285 3442 453 3516 auctoris)
474 3447 666 3508 exornatus.
690 3445 863 3528 Paginam
880 3446 1037 3527 primam
1059 3448 1207 3528 undique
1229 3447 1404 3510 includunt
1420 3447 1577 3527 picturae
1597 3462 1688 3508 auro

282 3530 410 3592 cinctae
432 3534 463 3592 et
486 3532 635 3611 insignia
658 3532 825 3595 Matthiae
839 3533 932 3613 regis
948 3532 1160 3613 Huugariae.
1183 3534 1224 3596 In
1229 3531 1296 3611 fol.
1317 3534 1509 3614 praeligata
1523 3534 1690 3595 exaratus

283 3619 333 3678 est
356 3618 476 3679 titulus
498 3618 580 3680 libri
601 3619 709 3682 literis
731 3620 936 3701 capitalibus
958 3620 1077 3683 aureis
1092 3620 1127 3682 in
1130 3619 1359 3699 fundanuuto
1369 3622 1543 3701 purpurea
1558 3619 1687 3682 cinctam

283 3707 372 3765 serto
395 3705 426 3766 et
447 3705 622 3767 arabescis
648 3707 749 3788 pictis
776 3710 808 3768 et
838 3706 1025 3769 deauratis.
1071 3704 1239 3789 Opercula
1276 3707 1388 3787 lignea
1421 3705 1565 3768 obducta
1594 3705 1688 3767 corio

279 3792 463 3870 purpureo,
501 3792 559 3853 cui
592 3797 794 3856 ornamenta
826 3793 997 3856 deaurata
1026 3798 1058 3856 et
1086 3794 1237 3875 insignia
1273 3795 1371 3874 regia
1402 3793 1569 3874 impressa
1597 3795 1685 3855 suut.

283 3872 619 4044 Coo'pzrirgcrzptignegialde
640 3882 754 3944 laesus
774 3898 798 3942 a
821 3879 1005 3963 bibliopega
1027 3883 1207 3945 recentiore
1227 3879 1359 3943 ruditer
1379 3881 1563 3963 reparatus
1585 3883 1615 3940 et
1636 3895 1686 3940 re·

283 4102 317 4165 S.
340 4101 492 4166 Thomae
515 4105 557 4167 de
580 4106 720 4184 Aquino
743 4105 1027 4170 Commentarius
1050 4108 1087 4170 in
1109 4107 1311 4171 Aristotelis
1328 4110 1370 4171 de
1386 4109 1483 4171 caelo
1500 4111 1535 4171 et
1553 4110 1684 4172 mundo

471 4191 581 4256 libros
603 4193 628 4271 1,
650 4192 681 4256 11
703 4200 738 4257 et
759 4193 804 4256 111
825 4202 971 4272 partem,
996 4212 1096 4275 quam
1120 4201 1234 4257 auctor
1256 4197 1327 4275 ipse
1351 4195 1492 4275 perfecit.

369 4312 389 4373 i.
418 4315 530 4389 1¹(1tt.
556 4324 645 4392 capit.
668 4324 765 4377 aureis
780 4322 801 4393 z)
829 4317 1130 4380 »Commentarium
1165 4336 1192 4380 s.
1215 4316 1365 4381 Thomae
1388 4319 1562 4396 Aquinatis
1586 4335 1685 4398 super
1778 4329 1782 4338 '

282 4400 396 4461 librum
422 4402 463 4462 de
487 4405 578 4465 caelo
602 4412 634 4465 et
663 4406 788 4467 mundo
820 4409 930 4484 incipit
959 4411 1109 4480 (attane)
1154 4403 1246 4467 Sicut
1275 4406 1505 4486 phylosophus
1529 4405 1622 4466 dicit«
1650 4407 1682 4463 ><

281 4485 302 4546 1.
327 4483 405 4548 209b
431 4495 531 4567 »quot
554 4496 632 4552 sunt
654 4493 815 4553 elementa
838 4498 870 4554 et
893 4499 1025 4572 propter
1047 4494 1125 4572 quid
1148 4497 1317 4556 ainictu«

388 4612 431 4668 De
455 4615 666 4670 recentioribus
690 4616 803 4672 codicis
827 4620 1052 4689 possessoribus
1086 4617 1132 4674 his
1168 4619 1245 4675 notis
1268 4619 1298 4674 in
1322 4617 1372 4676 lol.
1396 4618 1556 4689 praeligato
1580 4621 1682 4674 edoce·

279 4715 360 4756 mur:
383 4699 410 4770 Ι)
433 4715 512 4759 saec.
536 4698 731 4758 xvi-xvii
758 4702 952 4760 »Franciscus
976 4719 1076 4762 coines
1100 4704 1260 4778 desuye«,
1283 4704 1414 4778 ll)saec.
1428 4703 1508 4759 XVII
1523 4705 1680 4775 ›Matujas

278 4784 369 4857 Kiralj
400 4786 566 4842 Biblioteka
598 4790 689 4859 yabol
720 4791 790 4846 ualo
820 4792 921 4862 kiinyr
951 4792 1058 4864 melyet
1090 4795 1206 4849 hoztam
1228 4792 1299 4849 uala
1321 4793 1384 4864 (aa)
1407 4791 1531 4862 Ugroozj
1555 4793 1678 4848 uarbol«

279 4870 377 4948 (Liber
400 4873 594 4930 bibliothecae
617 4874 758 4932 Matthiae
782 4879 869 4950 regis,
893 4892 981 4949 quern
1005 4883 1157 4951 apportavi
1181 4897 1217 4938 ex
1241 4894 1306 4935 arce
1336 4879 1539 4952 Ugroczensi).
1578 4878 1680 4936 »Unus

279 4973 316 5016 ex
339 4960 422 5016 libris
445 4959 560 5018 Nicolai
582 4960 634 5032 Zaj
657 4965 692 5020 de
717 4962 837 5022 Csemer
859 4981 896 5023 m.
920 4983 969 5038 p.«
1004 4965 1048 5024 Cf,
1072 4967 1198 5026 Hanslik
1220 4984 1248 5039 p.
1274 4967 1346 5026 ooi.

954 5187 1005 5238 613
