4066 5956
1045 526 1121 587 1611

493 735 526 790 ln
550 736 688 807 operculo
712 751 809 807 super.
834 743 991 791 occurrunt
1014 737 1088 791 varii
1111 751 1214 792 versus
1249 737 1434 791 memoriales
1457 737 1539 793 latini
1563 745 1592 793 et
1614 738 1785 808 latino-ger-

384 820 502 890 manici,
526 837 651 893 quorum
675 817 811 878 nonnulli
834 828 904 879 sunt
926 824 1110 891 cavillatorii,
1134 825 1242 894 quibus
1259 823 1410 878 scholares
1427 823 1587 894 Pragenses
1603 855 1646 865 -
1662 823 1784 880 Bohemi

384 917 411 963 et
435 908 572 964 Germani
597 940 638 949 —
663 924 729 964 sese
753 912 879 964 invicem
901 911 1070 966 irridebant.

488 1075 572 1157 1641
946 1077 1053 1152 VIII.
1079 1075 1130 1150 H.
1152 1077 1214 1153 23.

383 1218 491 1279 chart.
514 1235 601 1280 saec.
617 1217 686 1278 XV
697 1217 742 1280 in.
766 1218 895 1299 (partes
917 1237 947 1281 a.
972 1219 1168 1297 1402-28),
1190 1218 1229 1299 ff.
1245 1217 1320 1292 148,
1342 1217 1386 1278 22
1399 1217 1437 1294 ><
1452 1218 1497 1278 15
1515 1234 1578 1280 cm.
1598 1218 1630 1279 d.
1648 1236 1692 1279 m.

493 1338 514 1399 l.
542 1338 845 1419 1³-342Pr0speri
866 1339 1031 1418 Aquitani
1053 1338 1313 1417 Epigrammata
1335 1353 1441 1416 super
1457 1339 1652 1400 sententias
1669 1355 1697 1400 e.
1713 1339 1784 1400 Au·

383 1425 525 1502 gustini.
574 1426 643 1486 »Ex
667 1427 841 1505 Augustini
879 1431 982 1488 sacris
1017 1429 1253 1505 epigrammata
1287 1430 1435 1503 scriptis«
1461 1427 1494 1481 ><
1520 1430 1673 1503 »spiritus
1696 1443 1784 1486 unus

383 1512 644 1674 ffiroE'vfflj
664 1564 670 1576 .
693 1562 699 1574 .
720 1560 726 1572 .
750 1518 893 1575 tonsoris
924 1513 978 1574 hui
1013 1519 1045 1573 et
1075 1513 1238 1591 pontilicis
1272 1531 1301 1573 a.
1337 1512 1368 1572 d.
1406 1510 1518 1572 1428«
1567 1511 1784 1590 (Subscriptio

492 1699 699 1764 1341-361)
744 1706 906 1778 (anepigr.)
949 1704 989 1765 A.
1024 1702 1201 1765 Prudentii
1236 1701 1428 1764 Clementis
1459 1701 1633 1780 Diptycha
1662 1707 1694 1762 in
1717 1703 1783 1762 line

385 1807 513 1850 manca.

493 1876 513 1937 i.
538 1872 700 1936 371-75b
724 1874 881 1952 (anepigr.)
912 1875 1042 1937 Sedulii
1065 1891 1155 1953 opus
1178 1876 1352 1953 paschale.
1380 1875 1574 1936 »paschales
1598 1880 1783 1955 quicunque

385 1964 507 2041 dapes«
533 1965 566 2020 ><
594 1980 669 2041 »per
692 1968 781 2024 tanta
804 1964 971 2023 volumina
993 1964 1102 2024 libros,
1127 1962 1265 2041 Explicit
1311 1963 1495 2035 ..(lacuna
1518 1979 1559 2021 ex
1576 1960 1703 2038 rasura)
1727 1980 1785 2040 per

385 2066 504 2109 manus
528 2049 694 2126 Stephani
718 2052 760 2110 de
785 2097 791 2107 .
817 2097 823 2110 .
849 2095 857 2109 .
880 2049 971 2110 awia
993 2049 1105 2110 linitus
1129 2068 1157 2110 a.
1183 2049 1214 2110 d.
1241 2048 1354 2110 1402«

493 2135 512 2195 i.
539 2135 720 2196 761--1261
742 2136 902 2196 Aratoris
924 2136 1035 2197 Actus
1058 2136 1299 2213 apostolorum
1315 2153 1395 2197 cum
1407 2133 1587 2211 prooemio
1603 2133 1783 2212 Surgenoi.

388 2221 566 2282 »Versibus
591 2227 747 2301 egregiis«
770 2272 777 2283 .
797 2270 803 2283 .
824 2271 831 2282 .
854 2222 936 2301 »Qui
960 2227 1063 2283 meriti
1087 2221 1220 2283 florem«
1248 2225 1286 2300 ><
1315 2225 1442 2298 »gracia
1466 2222 1618 2298 palmam.
1643 2221 1781 2299 Explicit

386 2357 446 2370 ...
472 2308 603 2388 (lacuna
625 2326 666 2370 ex
690 2310 817 2387 rasura)
841 2327 869 2369 a.
894 2309 924 2370 d.
952 2307 1035 2369 1402
1059 2310 1196 2370 sabbato
1220 2315 1251 2369 in
1275 2309 1359 2369 testo
1384 2325 1409 2368 s
1435 2305 1590 2368 Martha«

493 2396 513 2456 l.
543 2393 742 2457 1271-1378
789 2396 945 2476 (anepigr.)
990 2395 1164 2457 Johannis
1197 2395 1412 2458 Turonensis
1446 2392 1628 2470 Expositio
1653 2394 1784 2456 missae

385 2482 537 2544 metrica.
564 2480 731 2544 »Scribere
755 2483 924 2561 disposui«
952 2483 991 2558 ><
1017 2499 1095 2543 »cur
1118 2499 1205 2554 nunc
1230 2484 1388 2561 presbiter
1410 2484 1520 2540 assit«

493 2586 514 2646 l.
542 2583 744 2648 1382—148b
765 2585 938 2648 ‚iohannis
962 2587 1003 2648 de
1026 2584 1214 2647 Garlandia
1236 2585 1380 2647 Summa
1403 2583 1651 2663 mysteriorum
1674 2584 1784 2646 ecele-

385 2672 468 2734 siae.
496 2674 631 2750 »Anglia
654 2689 720 2751 quo
743 2673 861 2751 fulget«
889 2675 921 2731 ><
947 2690 1025 2751 »per
1048 2673 1194 2733 ordinem
1226 2691 1314 2734 anno
1349 2672 1387 2748 (?)
1422 2686 1598 2732 sacrarum.
1644 2669 1784 2749 Explicit

386 2776 517 2820 summa
552 2765 768 2820 misteriorum
805 2759 895 2820 linita
930 2760 993 2820 sub
1027 2777 1056 2821 a.
1081 2760 1112 2818 d.
1148 2759 1231 2820 1406
1254 2759 1309 2820 ler.
1334 2759 1376 2818 Vl
1400 2764 1432 2819 in
1456 2757 1541 2818 lesto
1565 2758 1594 2818 b.
1619 2762 1781 2834 virginis«

492 2867 524 2922 In
548 2867 686 2938 operculo
709 2866 791 2922 inter.
815 2873 965 2922 exaratum
990 2874 1034 2922 est
1057 2866 1250 2938 fragmentum
1281 2867 1369 2922 oflicii
1392 2867 1536 2922 bohemici
1559 2868 1594 2920 de
1618 2864 1783 2920 resurrecti·

385 2970 440 3009 onc
464 2953 632 3024 (Slavnost
653 2947 853 3010 velkonodni
874 2985 915 2993 —
939 2954 1065 3009 zlomek
1088 2969 1104 3008 z
1128 2952 1195 3008 XV.
1220 2955 1305 3022 stol,
1331 2955 1398 3024 vyd.
1422 2952 1560 3024 zjineho
1583 2952 1644 3022 rkp.
1669 2947 1783 3026 Hanus‚

384 3040 467 3110 llaly'
490 3039 592 3112 Vibor
614 3048 664 3096 str.
691 3034 754 3114 55).
789 3040 821 3095 ln
845 3041 894 3095 lol.
921 3041 1057 3111 adligatis
1091 3045 1166 3095 inter
1200 3041 1274 3095 alias
1298 3047 1384 3095 notas
1407 3041 1480 3095 haec
1503 3036 1582 3094 dicta
1605 3045 1782 3094 occurrunt:

388 3126 487 3182 »Such
510 3129 570 3182 dub
594 3128 741 3199 chlap0m‚
764 3128 846 3182 zelen
869 3129 928 3182 dub
952 3129 1076 3182 zakom«
1103 3157 1144 3166 —
1171 3127 1241 3182 »Est
1265 3128 1334 3182 mihi
1358 3134 1421 3197 rzyt
1447 3129 1559 3193 molita,
1584 3140 1643 3179 non
1660 3139 1782 3196 possum

385 3215 480 3268 dicere
503 3215 646 3271 kmotra.«

492 3379 589 3461 1642
947 3381 1050 3458 VIII.
1076 3381 1127 3456 H.
1153 3381 1216 3456 24.

388 3523 511 3582 nemius
532 3538 619 3582 saro.
644 3518 713 3581 XV
721 3520 767 3603 ff
782 3522 857 3596 152,
880 3522 1098 3600 22·5><16·5
1118 3541 1180 3584 cm.
1206 3523 1222 3583 1
1248 3539 1292 3584 m.

384 3643 535 3704 Terentii
558 3641 633 3702 Afri
656 3641 865 3704 comoediae
888 3659 953 3704 sex
976 3661 1063 3721 quae
1087 3651 1279 3720 supersunt
1301 3660 1380 3704 cum
1405 3643 1497 3704 notis
1513 3641 1732 3720 explicativis
1748 3641 1784 3702 in

452 3730 607 3808 margine
630 3736 666 3790 et
687 3729 779 3790 inter
801 3730 913 3791 lineas
937 3737 971 3791 et
994 3730 1175 3792 historicis
1198 3731 1233 3791 in
1256 3729 1336 3791 tine.
1361 3730 1534 3802 (Recensio
1558 3731 1726 3807 Calliopii.)

495 3837 635 3892 Codicem
660 3851 771 3895 recens
803 3835 895 3904 Kelle‚
926 3837 1023 3894 Klass.
1059 3837 1170 3896 Hdsch.
1194 3855 1223 3909 p.
1249 3837 1299 3910 58,
1331 3844 1379 3909 qui
1411 3852 1477 3892 eum
1507 3843 1605 3891 tamen
1635 3852 1785 3908 perperam

386 3941 463 3981 saec.
488 3923 555 3978 Xlll
579 3924 718 3978 attribuit.
750 3923 835 3979 Liber
864 3925 1018 3979 cuiusdam
1042 3925 1158 3994 collegii
1181 3925 1250 3979 olim
1281 3924 1370 3980 fuisse
1393 3926 1515 3994 videtur,
1539 3929 1571 3977 ut
1593 3926 1679 3978 docet
1700 3931 1785 3978 vetus

386 4014 460 4081 sign.
487 4012 518 4078 T,
534 4012 562 4078 3,
587 4012 637 4065 sed
663 4026 689 4064 a.
718 4011 798 4066 1609
823 4018 884 4066 erat
908 4011 976 4066 bibl.
1002 4011 1245 4082 Rosenbergicae,
1269 4013 1372 4066 deinde
1395 4011 1564 4066 monasterii
1579 4009 1783 4066 T'rebonensis.

490 4179 588 4260 1643
809 4178 910 4254 VIII.
938 4177 989 4252 H.
1017 4179 1078 4254 25.
1107 4195 1151 4256 (x.
1170 4195 1192 4246 1.
1213 4199 1235 4247 1.
1249 4212 1274 4247 u.
1296 4197 1364 4256 110.)

388 4321 574 4381 ntenrbran.
605 4338 692 4382 saec.
716 4319 803 4380 XIV
812 4319 861 4398 ff.
885 4319 950 4381 190
973 4338 1073 4396 num,
1098 4321 1176 4381 205
1184 4321 1282 4392 ><15
1304 4337 1365 4381 cna
1391 4319 1421 4380 d.
1447 4337 1489 4380 m.

494 4443 512 4502 l.
543 4443 613 4500 1³-
626 4438 700 4502 1221>
722 4440 854 4503 Valerii
877 4441 1022 4502 Maximi
1043 4441 1094 4504 De
1117 4441 1354 4504 Romanorum
1371 4439 1472 4502 dictis
1489 4446 1524 4502 et
1538 4439 1641 4502 iactis
1658 4455 1785 4501 memo·

386 4528 551 4589 rabilibus
573 4529 651 4590 libri
681 4527 736 4590 IX.
768 4531 851 4606 (Post
881 4533 1025 4602 tabulam)
1067 4529 1183 4590 »Urbis
1208 4529 1309 4589 Rome
1333 4535 1582 4607 exterarumque
1610 4531 1781 4606 gencium«

387 4618 417 4671 ><
446 4622 496 4676 >et
519 4616 723 4677 Postumium
748 4617 830 4677 ebu«
857 4617 941 4694 (sic).

494 4719 513 4780 l.
544 4716 744 4780 1221)-141ἃ
775 4719 863 4797 Mag.
886 4718 1030 4781 Henrici
1059 4720 1100 4781 de
1131 4719 1313 4780 Emonvilla
1336 4719 1437 4797 (apud
1461 4717 1596 4794 Schum,
1620 4719 1784 4796 ,impleni-

385 4824 467 4868 ana:
495 4805 764 4884 »Mundavilla«)
795 4807 988 4869 Anatomia.
1017 4807 1068 4868 »ln
1093 4809 1156 4868 hoc
1180 4812 1317 4867 tractatu
1341 4822 1477 4884 presens
1501 4809 1640 4867 intencio
1663 4811 1731 4865 est«
1753 4809 1783 4858 >a

387 4894 639 5058 figoalggrizrssmo
664 4895 711 4954 sic
736 4893 764 4956 7.
781 4892 855 4956 Non
879 4901 930 4956 est
953 4897 1026 4973 plus
1051 4895 1090 4954 de
1114 4898 1280 4954 anatomia
1302 4891 1433 4954 Haurici
1458 4893 1498 4953 de
1523 4891 1781 4954 Hamondavilla.

1058 5203 1110 5255 608
