4046 5972
958 539 999 600 62

380 741 432 826 59
463 745 517 828 60
907 745 936 820 I.
964 745 1009 821 B.
1036 748 1073 822 5.

279 881 414 948 Codices
442 886 510 948 dcto
543 886 652 948 clrnrl.
683 884 892 967 autographi
909 882 1064 962 formae,
1094 902 1181 966 qliae
1210 884 1338 946 dicitur
1368 884 1568 966 imperialis,
1588 903 1676 948 saec.

276 969 399 1034 XVIII
429 973 473 1034 in.
504 971 606 1034 nilide
628 972 763 1033 exarati
791 975 821 1032 et
842 971 960 1033 mullis
981 971 1171 1052 Insignibus
1193 970 1377 1032 heraldicls
1399 975 1429 1033 ei
1450 973 1676 1054 conspectibus

276 1057 409 1120 urbium
432 1060 567 1121 calamo
582 1061 837 1138 atramentoque
853 1054 1009 1120 Chinensi
1023 1058 1145 1129 (leisch)
1162 1057 1336 1120 dellncalis
1350 1058 1509 1132 exornati,
1532 1076 1677 1138 quorum

275 1145 363 1206 aller
384 1149 432 1226 (a)
453 1145 530 1220 274,
550 1147 639 1208 oller
661 1146 708 1224 (bt
730 1144 795 1208 314
806 1145 852 1227 ff.
877 1161 980 1218 num„
1000 1143 1143 1207 49)(36
1165 1161 1228 1206 cm.
1253 1145 1402 1206 continet.
1432 1143 1562 1208 Titulus
1583 1146 1677 1226 operi

276 1230 379 1293 eliam
402 1231 553 1312 alioquin
574 1249 640 1294 lton
663 1232 711 1293 ad
732 1243 878 1313 rengnem
901 1231 1076 1293 elaborato
1099 1233 1195 1293 deest.

379 1349 574 1429 Descriptio
597 1350 733 1430 imperii
754 1348 1126 1415 Romano-Germanici
1148 1351 1315 1414 historica
1330 1357 1433 1430 atque
1448 1352 1679 1431 geographica

276 1441 420 1500 auctore
442 1438 629 1501 Guilielmo
658 1437 850 1512 Etzweiler‚
882 1443 1041 1500 canonico
1071 1433 1332 1518 Wysegradensi
1355 1440 1389 1518 (†
1416 1439 1521 1514 1718).

376 1545 410 1600 In
432 1545 490 1601 fine
513 1549 579 1604 cod.
603 1561 623 1601 a
645 1561 741 1617 pauca
770 1547 919 1601 adduntur
940 1549 975 1601 de
1005 1546 1142 1602 America
1163 1552 1192 1600 et
1214 1546 1313 1602 Africa
1335 1553 1390 1603 etc.
1413 1545 1447 1601 In
1470 1546 1548 1601 ioliis
1571 1547 1677 1618 praeli-

276 1631 352 1700 gatis
381 1633 533 1704 utriusque
565 1635 630 1688 cod.
661 1633 786 1688 occurrit
816 1637 896 1702 nota,
927 1633 1018 1688 hocce
1048 1635 1159 1703 grande
1189 1647 1265 1704 opus
1296 1648 1386 1687 manu
1410 1635 1537 1688 auctoris
1560 1634 1679 1705 propria

270 1719 475 1791 conscriptum
503 1721 578 1775 inter
607 1719 681 1774 alios
711 1719 803 1774 libros
838 1735 863 1775 a.
899 1719 980 1775 1718
1014 1719 1142 1790 legatum
1165 1735 1231 1776 esse
1255 1719 1498 1790 archiepiscopali
1520 1719 1678 1776 seminario

276 1802 423 1876 pragensi,
447 1807 532 1862 cuius
556 1809 649 1862 rector
670 1821 722 1877 per
748 1805 784 1860 13
809 1821 904 1860 annos
927 1805 1011 1861 luerit
1033 1805 1194 1864 Etzweiler.
1217 1805 1288 1861 Inde
1305 1807 1405 1861 nescio
1421 1807 1540 1878 quando
1556 1807 1677 1862 codices

279 1893 317 1947 ad
340 1908 396 1948 nos
418 1899 620 1964 pervenerunt.

381 2058 421 2140 61
885 2059 914 2134 Ι.
942 2060 988 2134 B.
1016 2061 1051 2134 6.

277 2199 388 2347 clarii.
410 2198 548 2260 miscell.
567 2199 700 2280 parlim
734 2217 822 2262 saec.
846 2195 975 2260 XVIII.
997 2199 1127 2280 parlim
1149 2199 1188 2261 X
1194 2197 1282 2282 V.ff.
1318 2219 1410 2262 rerem.
1433 2200 1510 2275 368,
1538 2201 1679 2264 33><21

278 2303 341 2348 cm.
391 2303 467 2346 .m.

384 2406 405 2468 i.
434 2407 559 2469 1-168
582 2406 865 2470 Commentarius
888 2407 925 2468 in
939 2407 1177 2488 Apocalypsin
1194 2409 1228 2470 S.
1244 2407 1427 2470 Iohannis
1453 2407 1546 2472 Sacc.
1570 2409 1680 2472 XVlll.

279 2491 494 2642 lggslusnitinit.
518 2495 540 2554 4
562 2494 616 2555 iol.
641 2501 672 2556 et
694 2494 780 2556 linis
805 2492 946 2572 Singulis
981 2495 1065 2557 loliis
1100 2497 1300 2557 inscribitur:
1340 2497 1565 2574 ›Apocalipsis
1598 2497 1678 2558 lesu

388 2683 408 2745 l.
437 2683 606 2744 169-226
629 2682 762 2758 Cicero,
785 2683 836 2746 De
859 2683 996 2762 officiis,
1019 2684 1055 2746 in
1079 2685 1171 2747 mhd.
1196 2685 1464 2763 Uebersetzung.
1482 2684 1552 2747 XV.
1569 2686 1679 2750 Jahrh.

281 2774 313 2832 in
339 2770 358 2830 2
383 2769 451 2832 Coi.
475 2771 603 2848 geschr.
627 2772 703 2848 (vgl.
727 2769 816 2832 Kelle
839 2775 883 2832 im
907 2770 1087 2850 Serapeum
1114 2771 1206 2845 1861,
1229 2771 1318 2846 353).

385 2873 406 2934 i.
430 2873 604 2935 227-368
638 2872 822 2947 (Gnidonis
853 2875 896 2937 de
928 2874 1115 2953 Columna)
1145 2875 1303 2938 Historia
1334 2874 1484 2955 Trojana
1517 2875 1553 2938 in
1584 2877 1676 2939 mhd.

276 2959 622 3038 Prosabearbeitung.
646 2959 715 3023 XV.
738 2961 848 3023 Jahrh.
872 2967 903 3024 in
927 2962 946 3022 2
971 2961 1040 3024 Col.
1063 2963 1191 3040 geschr.
1226 2962 1359 3040 Aniang
1389 2980 1420 3024 u.
1444 2963 1538 3025 Ende
1561 2962 1680 3026 tehlen.

276 3046 363 3126 (Vgl.
387 3045 476 3108 Kelle
504 3046 647 3126 ibidem.)

381 3218 433 3299 62
892 3219 921 3294 I.
949 3221 993 3295 B.
1024 3219 1056 3295 I.

284 3359 393 3422 clari.
416 3375 502 3420 saec.
525 3355 596 3420 XV
602 3356 649 3439 ff
671 3357 737 3421 393
759 3375 862 3436 num,
884 3359 1025 3422 29><21
1050 3377 1113 3422 cm.
1138 3360 1169 3421 d.
1195 3377 1238 3420 m.

385 3480 406 3542 i.
434 3479 590 3542 12-190·
608 3479 773 3554 (Thomae
788 3479 1014 3543 Ebendoriier
1027 3482 1083 3555 de)
1098 3480 1295 3544 Haselbacb
1318 3477 1551 3561 Quaestioncs
1575 3499 1681 3562 super

277 3567 693 3716 iiffiaffimemimm'
741 3566 854 3630 »Circa
888 3572 1023 3647 primam
1059 3568 1324 3629 distinccionem«
1362 3570 1395 3626 ><
1432 3569 1541 3647 »quod
1573 3575 1678 3648 possit

385 3757 406 3818 i.
434 3754 635 3818 190v-237s
654 3757 837 3837 Expositio
860 3757 1030 3819 orationis
1053 3756 1256 3820 dominicae.
1283 3755 1442 3819 »Orantes
1466 3760 1565 3820 nolite
1597 3762 1677 3820 mul-

277 3853 345 3906 tum
369 3845 475 3922 loqui«
504 3847 533 3901 ><
562 3845 770 3906 »devocionis
794 3852 845 3906 est
867 3849 1105 3907 excitativum«

384 3947 406 4008 i.
430 3945 635 4009 wib-240⁸
673 3947 873 4027 »Registrum
908 3966 1007 4026 super
1047 3947 1246 4028 Questiones
1285 3953 1388 4026 quarti
1426 3945 1674 4010 Sentenciarum

276 4033 405 4098 Thome
429 4035 469 4095 de
492 4033 679 4096 Hazelbach
697 4083 703 4096 .
719 4083 725 4096 .
744 4084 750 4097 .
772 4053 828 4114 per
851 4034 998 4098 Crucem
1021 4035 1063 4096 de
1085 4033 1185 4097 Telcz
1195 4053 1225 4096 a.
1242 4031 1325 4096 1478
1337 4034 1393 4096 ier.
1405 4034 1448 4097 VI
1461 4041 1536 4114 post
1559 4035 1675 4098 Cathe-

279 4127 345 4184 rine
369 4125 401 4182 in
423 4120 576 4183 Trzebon
601 4125 632 4181 in
657 4125 819 4183 noviciatu
843 4127 1065 4183 existentem«

386 4208 407 4269 i.
432 4207 636 4269 2111-270α
654 4208 838 4287 Expositio
860 4208 922 4271 XII
944 4208 1237 4287 antiphonarum.
1257 4255 1263 4270 .
1282 4224 1369 4286 ‚que
1406 4213 1577 4270 cantantur
1602 4216 1677 4270 ante

279 4300 475 4356 nativitatem
500 4295 632 4356 domini.
659 4294 809 4356 »Laudes
832 4302 864 4357 et
886 4313 1018 4374 preces«
1045 4298 1078 4354 ><
1105 4301 1154 4356 »et
1175 4297 1309 4374 gloriam
1334 4299 1366 4356 in
1390 4293 1527 4356 iutur0.‹

386 4381 407 4442 i.
432 4379 790 4444 2712-2962Nieolai
821 4383 864 4443 de
894 4381 1143 4460 Dinckelspuel
1164 4380 1310 4444 Postilla
1338 4398 1445 4458 super
1467 4381 1677 4460 passionem.

281 4467 461 4530 -Dominus
485 4475 517 4528 et
539 4469 682 4530 salvator
704 4475 833 4530 noster«
861 4473 893 4526 ><
920 4471 1081 4530 »salvator
1104 4475 1215 4530 noster
1244 4475 1276 4530 et
1308 4469 1472 4543 dominus
1505 4473 1577 4549 qui‹
1615 4477 1676 4530 etc.

386 4555 407 4618 i.
432 4554 634 4616 2971-311ΙΙ
653 4554 788 4618 Nicolai
810 4557 851 4618 de
874 4555 967 4634 Lyra
989 4555 1170 4618 Tractatus
1193 4556 1235 4616 de
1264 4555 1476 4618 Probatione
1506 4555 1678 4617 adventus

278 4641 410 4704 Christi
438 4657 502 4720 per
530 4641 722 4719 scripturas
753 4660 774 4704 a
802 4642 945 4705 Iudaeis
975 4647 1143 4720 receptas.
1182 4641 1352 4721 »Queritur
1384 4649 1510 4704 utrum«
1536 4645 1569 4700 ><
1595 4642 1677 4704 »Ex-

279 4731 365 4808 plicit
386 4733 514 4808 questio
538 4729 580 4790 de
602 4731 868 4808 probatione...
893 4730 1105 4791 determinata
1127 4747 1156 4790 a.
1185 4729 1275 4803 1309,
1300 4734 1332 4789 in
1356 4747 1421 4808 quo
1438 4746 1523 4807 opus
1540 4747 1676 4807 presens

280 4821 435 4894 scriptum
463 4814 552 4876 tuit·.

266 4933 280 4946 -
386 4903 407 4964 i.
430 4899 636 4964 3122-3232‘
654 4901 723 4982 (Fr.
747 4901 947 4981 Theobaldi)
970 4902 1140 4965 Pharetra
1154 4909 1277 4965 contra
1297 4902 1461 4965 ludaeos.
1494 4902 1546 4964 »ln
1567 4902 1677 4982 dispu-

280 4993 406 5051 tacione
436 4989 633 5050 iudeorum«
661 4992 693 5046 ><
719 4989 825 5051 »Finis
849 4991 996 5068 pharetra
1020 5007 1048 5050 c.
1072 4989 1119 5048 J.‹
1145 4990 1179 5064 (l.
1204 4989 1268 5050 312
1292 4991 1424 5052 rubrio:
1451 4989 1535 5050 »Ista
1558 4995 1678 5068 scripta

326 5197 481 5256 memnii:
504 5212 547 5256 Cat
562 5223 614 5268 cog.
630 5213 670 5256 lat.
965 5213 995 5262 17
1528 5213 1541 5255 2
