3972 5958
1075 523 1140 583 554

406 734 521 794 Amen.
547 738 638 807 (rubr.
649 733 671 812 :)
694 731 831 795 Chwala
847 733 960 796 buohu
981 749 1093 811 ysynu
1114 733 1250 811 yduchu
1263 731 1316 794 S.‹
1341 732 1390 806 (ln
1406 740 1515 794 vetere
1528 733 1678 812 catalogo
1691 733 1804 796 eidem

404 819 592 880 attributus
631 837 706 881 cum
736 819 975 879 additamento:
1011 823 1042 880 in
1076 821 1198 898 templo
1232 836 1258 880 s.
1290 818 1461 880 Michaelis
1492 820 1613 898 Pragae
1652 839 1682 881 a.
1722 821 1801 881 1417

404 906 542 967 habitus.

512 1009 532 1071 1.
546 911 761 1072 )179b-190⁸
793 1011 951 1086 (anepigr.)
984 1007 1165 1071 Tractatus
1200 1011 1243 1072 de
1272 1010 1519 1073 communione
1553 1014 1619 1073 sub
1654 1015 1800 1090 utraque

403 1096 529 1172 specie.
557 1095 723 1158 »Thomas
746 1096 784 1157 ΙΙΙ
808 1103 897 1175 parte
920 1093 1055 1157 Summe
1080 1113 1157 1156 sue«
1186 1097 1224 1174 ><
1254 1101 1360 1158 »omni
1383 1098 1494 1158 celesti
1518 1098 1751 1159 benediccione
1768 1105 1800 1159 et

401 1187 511 1259 gracia
533 1185 723 1262 repleamur.
748 1183 863 1244 Amen.
887 1181 956 1242 Hec
979 1187 1089 1244 omnia
1112 1183 1154 1242 de
1176 1186 1276 1244 verbo
1300 1183 1342 1245 ad
1365 1185 1501 1245 verbum
1525 1201 1567 1244 ex
1591 1191 1729 1246 tractatu
1744 1187 1798 1246 ubi

402 1287 502 1348 supra
524 1271 662 1331 breviter
684 1276 761 1331 sunt
783 1271 945 1330 collecta«

508 1374 528 1434 1.
557 1371 757 1436 1901--1931
769 1375 986 1434 Auctoritates
999 1390 1025 1433 s.
1039 1373 1204 1446 Bemardi‚
1216 1371 1357 1434 hiathiae
1375 1374 1576 1450 Parisiensis,
1596 1393 1622 1437 s.
1640 1375 1795 1455 Cypriani

400 1460 440 1519 de
463 1461 579 1522 eadem
604 1465 746 1522 materia.

506 1565 526 1626 1.
555 1560 756 1626 1942-215b
772 1563 909 1642 (Jacobi
923 1563 967 1625 de
981 1562 1083 1637 Misa)
1098 1561 1280 1626 Tractatus
1295 1565 1338 1626 de
1355 1563 1573 1643 imaginibus.
1591 1569 1762 1642 (Inscriptio
1772 1576 1795 1640 t)

401 1651 457 1710 nl.
482 1651 513 1712 d.
542 1651 621 1712 1417
653 1652 818 1712 dominica
847 1655 921 1710 ante
953 1649 1215 1727 purificacionem
1238 1649 1339 1711 Maria
1362 1659 1437 1712 ante
1463 1651 1574 1714 Letam
1606 1652 1738 1714 Curiam
1761 1659 1792 1714 in

397 1739 544 1799 ecclesia.
577 1737 693 1800 Utrum
725 1737 908 1798 secundum
932 1737 1035 1813 legem
1059 1737 1293 1814 ewangelicam
1324 1739 1437 1816 plebes
1461 1737 1579 1801 Christi
1600 1740 1715 1801 fideles
1738 1759 1793 1801 ne-

396 1829 592 1886 cessitantur
614 1829 646 1886 in
670 1825 798 1903 templis
821 1828 891 1883 suis
914 1825 1055 1902 aliquam
1080 1823 1232 1883 habendo
1261 1829 1450 1902 ymaginem
1473 1828 1578 1887 colere
1602 1833 1634 1887 et
1655 1827 1791 1888 adorare

393 1910 446 1970 vel
476 1912 567 1971 aliter
599 1911 844 1991 quomodolibet
876 1915 1032 1971 venerari.
1067 1911 1228 1987 Arguitur,
1259 1911 1348 1988 quod
1383 1929 1469 1972 non«
1502 1913 1535 1969 ><
1569 1919 1620 1974 »et
1653 1918 1791 1992 ingressi

395 2003 643 2060 contaminastis
667 2004 783 2058 terram
807 2013 944 2057 meam«

501 2101 521 2162 1.
546 2097 752 2164 2162-22412
775 2105 934 2175 (anepigr.)
963 2100 1085 2162 Sermo
1116 2105 1237 2162 contra
1266 2101 1453 2178 graduatos
1489 2109 1524 2164 et
1556 2104 1790 2166 scholasticos

392 2203 592 2250 sermonem
616 2187 747 2250 Christi
769 2204 840 2249 non
864 2193 1057 2249 servantes,
1097 2186 1177 2266 »Qui
1201 2204 1268 2248 non
1292 2187 1391 2266 diligit
1413 2206 1476 2262 me,
1501 2207 1673 2252 sermones
1697 2208 1788 2252 meos

392 2291 458 2335 non
482 2282 608 2336 servat«
635 2277 667 2332 ><
694 2281 745 2334 »et
766 2275 884 2334 demus
906 2275 1040 2352 gloriam
1065 2274 1127 2334 deo
1158 2278 1213 2334 uni
1243 2278 1335 2348 trino,
1360 2279 1415 2353 qui
1438 2283 1552 2354 regnat
1574 2281 1605 2338 in
1630 2294 1656 2338 s.
1683 2295 1709 2338 s.
1740 2279 1788 2352 (ln

391 2367 499 2421 vetere
522 2363 671 2440 catalogo
701 2377 810 2422 senno
844 2362 895 2420 hic
938 2361 1086 2420 »habitus
1119 2365 1151 2421 in
1186 2362 1307 2438 templo
1337 2378 1363 2422 s.
1395 2360 1583 2423 Michaelis«
1609 2365 1789 2425 attribuitur

389 2446 520 2509 Jacobo
541 2448 584 2509 de
606 2447 721 2526 Misa).

498 2553 518 2613 1.
542 2551 889 2615 Ὧδ’-2281111111
912 2552 955 2613 de
977 2551 1067 2613 Misa
1088 2549 1247 2627 Epistola
1268 2551 1312 2612 ad
1334 2553 1508 2628 quendam
1530 2553 1717 2629 plebanum
1744 2556 1786 2617 de

389 2638 588 2716 funalibus,
612 2642 654 2701 de
670 2637 888 2717 imaginibus,
904 2638 947 2699 de
962 2637 1126 2700 censibus
1149 2636 1327 2699 ecclesiae.
1355 2636 1493 2700 »Gracia
1507 2638 1626 2702 Christi
1640 2647 1784 2720 preveni·

389 2739 482 2787 ente«
518 2729 556 2803 ><
593 2726 690 2787 »Vale
721 2733 753 2787 et
783 2743 841 2786 ora
870 2742 928 2804 pro
959 2742 1020 2786 me.
1053 2721 1188 2802 Scripsit
1217 2728 1272 2784 uni
1304 2725 1443 2802 plebano
1473 2725 1516 2786 ad
1551 2735 1660 2804 partes
1697 2746 1780 2808 mag.

386 2811 602 2875 Jacobellus‹.

494 2919 587 2976 Vetus
610 2926 685 2991 sign.
709 2919 750 2990 M,
775 2921 825 2975 32.
849 2919 890 2974 De
913 2921 970 2974 hoc
993 2920 1094 2975 codice
1118 2919 1153 2975 ci.
1177 2914 1302 2974 Vestnik
1324 2901 1357 2975 (ἶ.
1382 2919 1417 2976 Α.
1439 2921 1518 2976 1898
1535 2919 1663 2992 paberelr
1679 2921 1783 2981 XVIII.

489 3091 574 3172 554
836 3086 907 3162 III.
937 3085 987 3161 H.
1014 3087 1049 3160 Ι.
1082 3041 1330 3166 (11111155.)

384 3233 493 3294 chart.
516 3249 603 3293 saec.
626 3229 748 3311 XVffi
772 3229 845 3300 265,
868 3228 907 3289 21
924 3229 1013 3290 ><15
1033 3245 1096 3289 cm.
1122 3228 1153 3288 d.
1179 3245 1222 3288 m.

487 3353 590 3432 (Mag.
613 3351 786 3415 Johannis
809 3351 852 3411 de
874 3342 1042 3424 Piibram)
1066 3349 1255 3412 Sermones
1279 3351 1321 3411 de
1344 3349 1477 3412 sanctis
1501 3355 1589 3419 (cum
1616 3356 1779 3415 nonnullis

381 3442 503 3518 glossis
527 3441 657 3501 textual.
682 3440 828 3510 bohem.)

486 3566 638 3638 Operculis
662 3565 790 3635 adligata
813 3569 882 3618 sunt
916 3562 1075 3632 fragmenta
1108 3564 1268 3618 membran.
1293 3563 1405 3618 codicis
1429 3563 1587 3632 theologici
1610 3579 1688 3622 saec.
1713 3564 1775 3622 Xll.

380 3653 413 3709 In
437 3653 528 3710 fronte
552 3653 652 3723 fragm.
677 3667 773 3723 super.
798 3666 887 3704 manu
910 3665 988 3706 saec.
1012 3647 1067 3702 XV
1090 3657 1223 3704 notatum
1247 3657 1306 3704 erat
1328 3649 1452 3720 pretium
1477 3649 1553 3716 libri,
1584 3653 1664 3720 quod
1700 3669 1776 3708 nunc

380 3743 510 3796 radendo
544 3748 589 3794 est
623 3740 759 3795 deletum.
797 3736 920 3806 Insuper
965 3736 1023 3790 alia
1058 3751 1162 3791 manus
1201 3733 1331 3791 eiusdem
1355 3736 1467 3791 saeculi
1490 3735 1657 3807 inscripsit:
1685 3738 1775 3810 »hlgri

380 3827 555 3884 Przibram«.
580 3825 712 3882 Eundem
736 3839 901 3880 sermonum
926 3823 1029 3877 horum
1054 3839 1119 3877 esse
1143 3831 1291 3878 auctorem
1315 3825 1374 3877 iarn
1397 3839 1434 3878 ex
1457 3825 1550 3894 primo
1566 3839 1700 3880 sermone
1717 3827 1777 3882 col·

378 3915 449 3985 ligo,
473 3915 503 3969 in
527 3931 585 3984 quo
608 3915 802 3985 praedicator,
826 3911 905 3981 quod
929 3909 959 3964 in
983 3909 1123 3964 Bohemia
1147 3916 1282 3980 cognitae
1305 3913 1419 3965 veritati
1438 3925 1565 3980 amagna
1581 3909 1701 3968 fatuitas
1718 3915 1773 3968 iarn

378 4003 417 4055 sit
440 4004 601 4070 admixta«,
625 4001 821 4071 conqueritur.
845 3997 904 4052 Sed
928 4002 955 4050 et
978 3996 1028 4051 alii
1050 3996 1107 4052 loci
1132 3997 1265 4067 permulti
1288 3997 1437 4066 ingenium
1454 3996 1533 4052 illius
1551 3997 1603 4052 viri
1619 4003 1774 4068 prodentes

377 4090 455 4143 idem
479 4092 681 4144 demonstrant
703 4085 755 4156 (ci.
779 4082 905 4139 Vesinik
928 4067 961 4138 C.
985 4083 1020 4138 A.
1050 4085 1129 4138 1898
1153 4100 1181 4154 p.
1207 4084 1293 4154 522).
1318 4082 1411 4140 Vetus
1435 4085 1511 4154 sign.
1535 4083 1568 4152 B,
1593 4084 1643 4140 45.

481 4257 562 4339 555
826 4251 895 4330 III.
926 4251 975 4327 H.
1006 4253 1041 4326 2.
1073 4269 1118 4330 (Y.
1136 4268 1186 4319 111.
1204 4270 1229 4319 3.
1248 4283 1275 4319 n.
1295 4268 1333 4330 7.)

376 4401 484 4461 chart.
508 4417 541 4460 a.
564 4395 652 4459 1504
662 4393 708 4476 ff
731 4393 796 4456 342
819 4412 921 4466 urina,
943 4391 983 4454 21
998 4391 1085 4455 ><14
1108 4410 1170 4454 cnr.
1195 4395 1212 4455 1
1233 4411 1276 4454 m.
1301 4409 1379 4455 cum
1404 4391 1474 4452 init.
1492 4391 1571 4472 pict.

374 4517 616 4598 Antiphonarii
649 4517 842 4579 secundum
875 4515 1162 4579 consuetudinem
1195 4515 1328 4578 ordinis
1363 4513 1643 4578 Caelestinorum
1676 4517 1771 4580 notis

728 4602 870 4666 musicis
892 4602 1055 4665 instructi
1077 4619 1159 4679 pars
1182 4601 1196 4664 1
1218 4601 1421 4681 (hiemalis).

476 4710 573 4790 (Huic
597 4709 686 4770 titulo
709 4725 729 4768 a
753 4709 947 4768 rubricatore
971 4707 1220 4784 superscribitur
1241 4725 1271 4769 a.
1298 4703 1405 4781 1504.)

481 4819 633 4890 Operculis
667 4817 797 4888 adligata
829 4821 899 4871 sunt
932 4816 1032 4886 fragm.
1068 4817 1186 4872 membr.
1228 4817 1340 4870 codicis
1364 4831 1442 4872 saec.
1467 4813 1631 4870 XII—Xill
1654 4831 1768 4886 argum.

371 4906 539 4976 theologici.
585 4905 616 4960 ln
648 4905 787 4975 operculo
818 4903 899 4959 inier.
932 4903 1058 4957 occurrit
1093 4904 1242 4972 quoddam
1267 4910 1397 4973 systema
1421 4909 1555 4958 notarum
1579 4905 1766 4958 musicarum.

372 4993 448 5064 Quin
472 4993 624 5064 antiphon.
649 4995 704 5046 hoc
727 4992 796 5046 olim
821 4989 904 5045 luerit
927 4989 1159 5046 Caelestinorunr
1183 4988 1396 5058 Oibinensium,
1421 5005 1480 5044 non
1504 4997 1548 5044 est
1571 4991 1703 5046 dubium.

1044 5209 1094 5261 228
