4004 5966
941 501 1006 562 224

374 713 394 776 l.
418 711 590 774 237-416
613 711 801 773 Sermones
825 707 955 771 diversi
978 707 1165 769 maximam
1187 712 1321 784 partem
1345 708 1387 768 de
1410 705 1441 766 b.
1466 703 1575 766 Maria
1597 706 1668 767 vir-

269 801 359 881 gine,
383 816 522 880 quorum
545 815 633 860 unus
655 801 688 858 in
712 797 732 857 l.
764 795 846 857 372ιι
877 797 964 856 hunc
999 795 1098 856 habet
1130 794 1246 854 linem:
1297 791 1451 870 »Explicit
1482 807 1591 852 sermo
1625 793 1667 854 de

269 891 488 966 concepcione
510 887 589 964 glor.
613 888 691 962 virg.
715 900 773 963 per
795 900 847 944 me
871 881 1019 944 Crucem
1042 882 1084 942 de
1106 880 1205 942 Telcz
1227 879 1264 940 in
1287 879 1397 942 Plana
1420 895 1449 939 a.
1469 875 1581 938 tlte«
1606 877 1667 940 His

270 974 477 1036 sermonibus
500 977 621 1034 inserta
643 977 713 1032 est:

372 1077 392 1138 l.
416 1074 479 1137 377
502 1074 603 1139 Bulla
625 1075 667 1136 de
691 1071 919 1152 conceptione
943 1073 974 1134 b.
990 1071 1137 1150 virginis
1154 1069 1282 1149 synodi
1297 1069 1507 1131 Besilieusis
1523 1086 1552 1130 a.
1572 1069 1665 1132 1139.

268 1178 356 1230 lcum
381 1169 458 1225 nota
481 1161 596 1226 Crucis
619 1162 650 1224 d.
674 1159 731 1222 T.:
770 1159 838 1220 »De
872 1160 1015 1236 originali
1040 1160 1125 1219 bulla
1149 1173 1285 1236 presens
1308 1161 1403 1234 copia
1425 1163 1476 1217 est
1499 1161 1663 1235 scripta‹).

371 1270 474 1326 Codex
497 1285 534 1325 ex
558 1270 627 1327 bibl.
653 1267 871 1337 Rosenbergica
907 1266 936 1321 in
961 1272 1087 1321 monast.
1111 1263 1298 1320 Tiebonense
1321 1270 1348 1318 et
1371 1263 1438 1319 inde
1462 1266 1499 1319 ad
1523 1279 1578 1319 nos
1601 1280 1664 1336 per·

267 1359 354 1416 venit.

368 1522 450 1605 223
885 1521 914 1596 l.
943 1520 985 1594 Ε.
1012 1520 1074 1595 38.

265 1666 373 1812 111ιῖ11.
396 1683 430 1726 a.
454 1661 549 1735 1459,
563 1660 612 1741 ff.
624 1662 699 1738 370,
722 1662 948 1724 22x15cm.
974 1678 1080 1722 naama
1108 1658 1263 1722 Udalrici
1286 1656 1406 1722 Crucis
1420 1661 1461 1722 de
1477 1659 1567 1722 Talea
1582 1679 1663 1724 exa-

267 1769 308 1812 ro
324 1769 374 1812 us.

366 1870 541 1933 Johannis
560 1869 720 1932 Versoris
744 1872 886 1946 magistri
913 1869 1101 1929 Parisiensis
1125 1867 1308 1945 Expositio
1331 1867 1534 1932 Aristotelis
1556 1870 1661 1933 libro-

265 1975 342 2020 rum
363 1956 607 2037 philosophiae
630 1955 799 2018 naturalis
823 1955 1060 2034 (Physlcorum
1086 1954 1133 2015 De
1157 1957 1249 2016 coelo
1272 1961 1304 2015 el
1326 1958 1460 2029 mundo,
1493 1955 1541 2017 De
1563 1975 1660 2036 gene·

265 2049 387 2106 ratione
410 2051 442 2104 et
464 2047 679 2121 corruptione,
714 2041 858 2116 Meteon,
890 2041 937 2102 De
971 2047 1080 2102 anima
1103 2049 1135 2102 et
1158 2041 1313 2102 nonnull.
1347 2060 1535 2120 parvorum
1558 2051 1659 2107 natu·

263 2131 414 2204 talium).

371 2234 496 2295 1365ι
522 2233 581 2294 »Et
604 2237 635 2294 ln
659 2235 721 2294 hoc
746 2236 935 2293 terminatur
957 2236 1125 2310 exposicio
1160 2233 1292 2310 philsic)
1327 2235 1481 2295 naturalis
1516 2237 1657 2315 philoso-

263 2325 336 2401 phie
359 2322 445 2383 edita
468 2324 697 2399 questionatim
722 2336 779 2397 per
800 2317 843 2380 M.
868 2317 1051 2380 iohannem
1075 2320 1196 2379 dictum
1219 2319 1342 2380 Versor
1365 2325 1396 2381 in
1431 2322 1539 2383 studio
1573 2324 1657 2385 alme

263 2411 479 2470 universitatis
503 2407 703 2480 Parisiensls‚
738 2407 897 2484 allataque
922 2423 979 2483 per
1000 2404 1085 2483 Mag.
1110 2404 1343 2467 Wenceslaum
1368 2409 1408 2468 de
1431 2407 1566 2484 Wrben,
1601 2412 1657 2471 ad-

263 2497 326 2556 huc
349 2512 389 2556 eo
413 2500 549 2573 protunc
574 2494 786 2554 baccalaureo
811 2495 980 2566 existente,
1004 2491 1095 2552 finita
1118 2509 1174 2570 per
1196 2490 1344 2554 Crucem
1381 2495 1422 2557 de
1455 2493 1555 2558 Telcz
1588 2503 1656 2558 stu·

261 2583 390 2644 dentem
414 2585 447 2642 in
470 2581 605 2658 collegio
629 2584 713 2657 regis
748 2578 935 2639 Wenceslai
970 2578 1024 2640 ier.
1061 2578 1111 2639 llll
1135 2583 1166 2638 in
1189 2582 1327 2640 uinculis
1351 2597 1377 2640 s.
1403 2581 1483 2642 Petri
1507 2601 1535 2643 a.
1563 2583 1655 2649 1459.

362 2679 612 2747 13651-3701
637 2681 829 2760 Registrum.
859 2681 963 2743 »Finis
988 2683 1150 2743 titulorum
1185 2689 1216 2744 et
1250 2689 1458 2762 questionum
1482 2685 1553 2748 Joh.
1578 2687 1655 2750 Ver-

259 2776 343 2832 soris
367 2788 466 2849 super
488 2771 587 2831 libros
611 2769 792 2830 Aristotelis
817 2770 971 2830 naturalis
987 2770 1192 2848 philosophie
1215 2775 1247 2830 et
1270 2787 1444 2848 parvorum
1460 2775 1653 2836 naturalium

258 2875 316 2936 per
337 2875 389 2918 me
412 2857 542 2918 fratrem
566 2855 705 2918 Crucem
730 2857 770 2915 de
793 2854 893 2916 Telcz
917 2860 948 2916 in
972 2859 1172 2917 monasterio
1194 2854 1419 2920 Trzebonensi
1451 2862 1513 2921 sub
1536 2863 1653 2923 abbate

257 2943 378 3018 Marco,
418 2947 521 3022 priore
545 2942 693 3004 Johanne
718 2943 758 3002 de
780 2940 918 3002 Tisnow
941 2961 969 3004 a.
995 2943 1026 3003 d.
1055 2943 1136 3003 1495
1160 2946 1190 3002 in
1215 2944 1266 3003 die
1300 2944 1530 3008 Panthaleonis
1554 2951 1585 3008 in
1608 2954 1653 3010 ri-

256 3033 331 3108 gilia
354 3029 508 3092 Martha«

360 3137 403 3194 Ex
426 3137 694 3208 subscriptionibus
718 3137 901 3206 singulorum
925 3139 1120 3208 expositionis
1143 3138 1282 3193 librorum
1313 3145 1392 3210 patet
1414 3142 1540 3196 scribam
1558 3149 1652 3199 totum

255 3227 386 3280 codicem
409 3225 531 3281 dimidio
555 3239 634 3279 anno
662 3223 742 3278 1459
766 3239 914 3279 exarasse.
938 3223 984 3279 Ad
1009 3239 1123 3278 asseres
1147 3224 1275 3293 adligata
1297 3232 1367 3281 sunt
1386 3227 1547 3298 fragmenta
1563 3245 1652 3286 mem-

254 3313 337 3368 bran.
361 3313 514 3368 cuiusdam
538 3311 650 3366 codicis
673 3311 800 3366 hebraici
824 3325 901 3367 saec.
925 3308 1114 3367 XIlI-XlV.
1139 3310 1213 3366 Cum
1237 3313 1370 3382 superior
1390 3330 1458 3384 pars
1481 3315 1542 3370 lolii
1566 3320 1650 3390 primi

254 3399 391 3454 consulto
415 3400 453 3454 sit
476 3399 620 3466 abscissa,
644 3412 851 3468 possessorum
874 3404 944 3452 nota
968 3400 1089 3454 omnino
1111 3400 1203 3467 deest,
1234 3399 1286 3453 sed
1310 3401 1436 3456 dubitari
1461 3418 1521 3459 non
1544 3411 1651 3476 potest,

254 3487 327 3555 quin
352 3488 446 3541 codex
471 3485 640 3540 monasterii
662 3483 859 3539 Tiebonensis
884 3484 976 3539 luerit.

358 3685 442 3766 224
866 3687 895 3761 I.
923 3686 966 3762 E.
993 3688 1053 3761 39.

252 3829 361 3890 chari.
383 3844 471 3888 saec.
494 3824 562 3886 XV
577 3827 618 3907 ff.
642 3827 706 3889 327
729 3845 835 3901 num,
856 3827 999 3890 22><16
1020 3845 1083 3890 cm.
1107 3830 1138 3890 d.
1163 3848 1207 3890 m.

356 3947 375 4009 l.
404 3944 539 4009 11-40b
574 3947 766 4010 Alexandri
811 3949 880 4010 frat.
916 3950 984 4011 ord.
1031 3968 1128 4012 erem.
1168 3969 1194 4014 s
1233 3953 1327 4030 Aug,
1367 3963 1483 4032 postea
1513 3959 1648 4022 abbatis

252 4033 515 4097 Cantuariensis
537 4033 756 4097 Tractatulus
779 4036 821 4097 de
844 4042 1019 4113 potestate
1043 4037 1291 4100 ecclesiastica.
1329 4039 1419 4102 »Hoc
1443 4051 1493 4104 est
1516 4063 1647 4122 nomen,

252 4123 339 4202 quod
363 4122 528 4182 vocabunt
551 4138 645 4182 eum«
672 4123 705 4180 ><
732 4121 837 4184 »Finis
880 4128 966 4184 tercii
1002 4130 1157 4185 tractatus
1181 4126 1221 4185 de
1245 4129 1321 4188 eccl.
1347 4135 1411 4207 pot.
1437 4131 1544 4193 editus
1568 4134 1624 4195 af

251 4210 288 4270 A.
313 4225 405 4269 sacre
429 4212 546 4286 pagine
570 4209 755 4287 professore
778 4209 863 4271 fratr.
888 4211 1007 4273 herem.
1037 4228 1062 4273 s
1088 4213 1290 4290 Augustini«

353 4329 373 4390 1.
397 4327 560 4389 411-571
597 4330 779 4392 Tractatus
803 4337 927 4393 contra
961 4334 1160 4396 haereticos
1201 4340 1236 4397 et
1276 4335 1524 4403 schismaticos
1554 4341 1648 4421 (pau-

250 4433 344 4496 peres
386 4417 427 4477 de
474 4416 658 4494 Lugduno).
716 4417 833 4479 »Fides
878 4420 1037 4480 catholica
1082 4420 1331 4484 fundamentum
1377 4431 1445 4486 est«
1487 4429 1519 4484 ><
1564 4429 1646 4492 »Ex-

249 4505 335 4581 plicit
357 4509 512 4564 tractatus
536 4510 649 4564 contra
671 4505 831 4566 hereticos
855 4512 887 4567 et
910 4511 1115 4568 scismaticos
1139 4516 1170 4569 et
1192 4509 1303 4572 finitus
1339 4531 1366 4574 a.
1403 4512 1433 4574 d.
1469 4517 1646 4592 (scissura)

248 4589 315 4652 l'lll
339 4591 391 4651 die
414 4594 538 4650 mensis
564 4587 786 4652 Novembris.‹

350 4693 371 4755 i.
395 4689 557 4754 581-621
579 4699 756 4768 (anepigm)
778 4696 960 4758 Tractatus
984 4699 1026 4759 de
1060 4717 1230 4777 processu
1263 4704 1390 4766 iudicii.
1440 4707 1644 4786 »Antequam

247 4781 287 4840 de
311 4797 470 4858 processu
493 4781 598 4842 iudicii
623 4782 764 4844 dicatur«
791 4786 823 4840 ><
850 4791 901 4843 »et
923 4789 1060 4862 corrigat
1084 4795 1283 4850 sentenciam
1301 4795 1350 4851 vel
1374 4791 1522 4861 infirmet.
1548 4793 1589 4854 Et
1604 4796 1644 4855 de

246 4868 485 5023 Ξὲἓὺῖιῐῗιῒῧίῑξυε
509 4868 594 4928 dicta
617 4869 811 4933 sufficiant«
850 4869 970 4944 (Tract.
1007 4873 1057 4934 hic
1093 4877 1166 4935 alibi
1200 4875 1339 4938 iohanni
1375 4878 1526 4941 Andreae
1561 4880 1645 4941 salso

928 5181 961 5232 87
