3996 5954
1016 545 1097 606 1023

458 749 556 831 1023
960 751 1022 826 VI.
1050 753 1096 826 A.
1123 753 1183 826 12.

354 889 462 950 chari.
485 904 571 950 saec.
595 887 664 949 XV
679 889 718 970 ff.
741 891 805 952 317
829 909 933 968 nuria,
956 893 997 953 31
1013 891 1108 970 ><22
1133 909 1195 952 cnr.
1218 892 1236 952 1
1263 910 1309 952 m.

673 1012 768 1075 Petri
791 1012 1009 1075 Comestoris
1032 1012 1190 1076 Historia
1212 1013 1434 1076 scholastica.

459 1115 479 1176 l.
508 1117 540 1178 1²
562 1117 762 1196 (Dedicatio:)
788 1115 920 1178 »Reven
944 1121 1024 1195 patri
1044 1163 1160 1179 .....
1192 1115 1377 1178 Guilhelmo
1401 1114 1587 1178 Senonensi
1611 1120 1756 1198 archiep.

356 1201 486 1263 Petrus«
514 1203 667 1280 (prologus
678 1207 700 1277 z)
737 1205 960 1282 »imperatorie
983 1207 1182 1265 maiestatis«
1200 1204 1239 1280 ><
1253 1204 1273 1264 l.
1297 1199 1378 1264 304²>
1405 1209 1458 1265 »ut
1479 1207 1524 1264 ait
1546 1202 1700 1266 Clemens
1724 1211 1757 1267 in

355 1293 467 1436 altinget?
490 1290 569 1351 libro
591 1295 823 1369 ypotyposeon
848 1295 866 1352 i.
891 1309 918 1350 e.
944 1290 1225 1351 informacionum.
1259 1290 1352 1369 Expl.
1386 1291 1464 1350 liber
1494 1291 1627 1352 historie
1651 1294 1757 1354 scola-

459 1480 479 1539 i.
503 1478 709 1540 305⁸-3172
734 1479 918 1558 Registrum
942 1486 1060 1559 operis,

459 1605 505 1659 Ad
528 1605 639 1660 calcem
663 1605 681 1661 l.
710 1606 741 1659 1·
767 1612 852 1661 nota:
882 1605 930 1661 ›S.
955 1605 1080 1661 loannis
1103 1609 1158 1662 sub
1182 1622 1281 1678 rupe«

462 1771 565 1854 1024
940 1773 997 1849 VI.
1026 1775 1072 1848 A.
1100 1775 1187 1850 ISa.

358 1912 465 1974 chart.
487 1930 575 1975 saec.
598 1911 654 1974 XI
656 1913 762 1974 V-X
766 1913 793 1973 V
807 1913 848 1994 ff.
870 1913 934 1975 247
951 1933 1056 1988 aaran„
1078 1914 1121 1978 29
1133 1917 1166 1972 ><
1176 1916 1256 1977 215
1268 1934 1331 1977 orn.
1348 1917 1378 1978 d.
1399 1936 1442 1978 m.

593 2034 851 2097 Bartholomaei
873 2037 916 2097 de
939 2035 971 2098 S.
998 2035 1195 2098 concordio
1218 2037 1363 2099 Summa
1385 2037 1522 2099 Pisana.

461 2157 481 2218 i.
510 2157 606 2217 1-2·
631 2156 813 2235 Registrum
836 2174 956 2219 vocum
980 2157 1033 2218 lol.
1057 2161 1164 2220 initiali
1189 2159 1360 2220 deficiente
1383 2175 1547 2220 mancum.

461 2277 482 2338 i.
507 2279 542 2339 2ι
571 2278 763 2356 »Quoniam
787 2287 823 2340 ut
838 2283 882 2340 ait
897 2279 1074 2357 Gregorius
1098 2298 1197 2359 super
1219 2281 1445 2342 Ezechielem«
1462 2283 1494 2338 ><
1513 2281 1534 2342 i.
1551 2277 1634 2342 247¹)
1654 2279 1760 2342 »Con-

359 2371 558 2426 summatum
582 2373 634 2426 est
656 2367 719 2427 hoc
742 2383 827 2445 opus
857 2366 914 2428 ler.
938 2365 981 2427 IV
1003 2373 1078 2429 ante
1108 2372 1308 2429 nativitatem
1333 2370 1364 2428 b.
1388 2367 1490 2429 Maria
1516 2372 1593 2446 virg.
1619 2385 1676 2446 per
1697 2366 1761 2429 Ni-

358 2453 496 2514 colaum
518 2451 649 2514 dictum
672 2451 764 2531 Lyra
787 2453 871 2531 Lyra
894 2460 928 2515 ut
952 2471 1070 2532 supra«
1095 2458 1182 2530 (sic).

461 2577 495 2632 In
517 2578 566 2634 fol.
591 2585 729 2648 sequente
759 2595 844 2635 verso
868 2596 927 2635 non
958 2597 1037 2637 num.
1062 2588 1219 2636 occurrunt
1249 2583 1393 2652 quaedam
1423 2587 1510 2635 notae
1541 2581 1697 2636 historicae
1722 2582 1758 2635 de

359 2664 527 2736 Cunigundi
567 2665 727 2735 abbatissa,
765 2665 945 2722 Wenceslao
987 2682 1062 2738 rege,
1104 2666 1242 2723 Ottocaro
1274 2667 1309 2735 11,
1347 2670 1382 2723 de
1413 2667 1603 2722 translatione
1641 2667 1766 2726 fratrum

360 2767 383 2808 s.
408 2752 568 2807 Adalberti.
594 2751 737 2822 Operculo
762 2753 842 2809 inier.
868 2755 1083 2824 adglutinatum
1106 2761 1150 2808 est
1173 2753 1366 2825 fragmentum
1389 2754 1480 2810 chart.
1506 2754 1618 2809 codicis
1633 2753 1761 2824 liturgici

359 2853 438 2894 saec.
462 2837 530 2892 XIV
554 2854 609 2907 ex„
633 2841 662 2893 in
686 2855 745 2909 quo
768 2842 894 2895 occurrit
917 2841 1078 2910 antiphona
1101 2843 1136 2894 de
1159 2856 1184 2895 s.
1200 2840 1335 2897 Ludmila
1358 2841 1437 2896 notis
1460 2841 1581 2896 musicis
1605 2841 1758 2897 instructa.

359 2924 392 2980 ln
414 2925 506 2981 ironte
531 2924 548 2980 l.
578 2927 609 2980 1⁸
634 2932 721 2980 nota:
750 2921 797 2984 »S.
823 2925 947 2982 loannis
970 2930 1025 2982 sub
1050 2942 1149 2997 rupes

465 3110 565 3192 1025
943 3109 1006 3187 VI.
1033 3112 1079 3186 A.
1107 3112 1191 3187 1312.

361 3255 468 3317 chart.
493 3273 526 3315 a.
548 3253 636 3316 1388
653 3253 694 3334 ff.
717 3253 782 3316 294
805 3271 909 3327 uuam,
933 3253 979 3314 30
994 3253 1078 3314 ><21
1104 3269 1166 3315 can.
1190 3252 1207 3313 1
1233 3271 1278 3313 nr.

597 3373 854 3437 Bartholomaei
877 3374 919 3435 de
942 3372 974 3435 S.
1000 3373 1196 3436 concordio
1219 3372 1363 3435 Summa
1385 3372 1523 3434 Pisana.

465 3491 719 3579 InitiumIdeest.

465 3618 485 3681 f.
515 3621 547 3680 ll
574 3636 690 3697 »opere
722 3625 853 3681 utantur
883 3619 976 3680 sicud
1001 3619 1115 3697 legitur
1137 3618 1177 3677 de
1202 3619 1233 3678 h.
1256 3616 1398 3678 Jacobo«
1421 3663 1429 3681 .
1449 3665 1455 3677 .
1476 3665 1483 3679 .
1502 3619 1662 3696 (sequitur
1676 3633 1761 3678 vox:

362 3705 601 3785 Adopcio)><f.
627 3703 707 3766 290¹²
725 3705 1019 3768 »Consummatum
1042 3711 1094 3765 est
1116 3707 1178 3765 hoc
1202 3721 1288 3784 opus
1311 3721 1368 3783 per
1390 3704 1426 3766 fr.
1451 3703 1693 3765 Bartolomeum
1718 3703 1760 3763 de

362 3811 389 3852 s.
414 3792 598 3855 Concordio
623 3841 629 3852 .
656 3841 662 3852 .
688 3840 694 3851 .
718 3812 748 3854 a.
772 3793 802 3854 d.
832 3793 913 3854 1338
936 3793 976 3852 de
1001 3809 1115 3853 mense
1147 3791 1317 3853 Decembri
1342 3839 1348 3850 .
1375 3837 1381 3850 .
1407 3838 1414 3851 .
1439 3837 1447 3852 .
1472 3789 1619 3868 Scriptus
1650 3797 1761 3851 autem

362 3887 413 3941 est
442 3880 567 3940 libellus
601 3884 677 3953 (sic)
706 3885 768 3941 iste
800 3898 856 3958 per
890 3895 1009 3940 manus
1041 3878 1244 3941 iohannis«
1281 3881 1431 3952 (Sequitur
1465 3881 1612 3950 rubricaz)
1650 3876 1760 3955 »Expl

363 3967 501 4027 Summa
535 3965 642 4027 Pisani
677 3973 866 4044 comparata
896 3965 1011 4044 perir.
1043 3964 1252 4027 Wilhelmum
1289 3964 1476 4044 professum
1507 3967 1538 4025 in
1570 3961 1697 4026 Pomuk
1730 3967 1761 4024 in

364 4055 473 4114 studio
497 4053 649 4131 Pragensi
674 4072 703 4114 a.
728 4054 758 4115 d.
786 4052 900 4115 1388«.

467 4175 487 4236 i.
512 4172 718 4236 2911—294b
743 4175 924 4254 Registrum
949 4180 979 4237 in
1003 4174 1068 4234 fine
1092 4176 1249 4235 mutilum.

466 4301 499 4356 In
530 4303 668 4373 operculo
699 4316 794 4374 super.
824 4301 1001 4356 intrinsecus
1032 4301 1150 4370 copiata
1178 4306 1224 4354 est
1254 4299 1334 4353 bulla
1364 4298 1474 4352 Urbani
1504 4313 1597 4368 papae
1621 4297 1659 4352 Vl
1682 4313 1763 4353 anno

363 4391 551 4461 pontificatus
586 4396 670 4444 sexto
705 4385 817 4462 (1384)
847 4389 917 4443 data
951 4386 1104 4443 monachis
1139 4385 1383 4441 Cisterciensibus
1414 4387 1450 4440 de
1474 4384 1641 4441 consessore
1674 4385 1763 4440 libere

364 4477 508 4546 eligendo.
533 4475 565 4531 ln
589 4477 680 4530 fronte
705 4475 723 4532 i.
752 4475 785 4530 1⁸
809 4482 896 4530 nota:
931 4473 1121 4528 »hlonasterii
1145 4488 1169 4531 s.
1194 4472 1317 4527 loannis
1341 4473 1396 4527 sub
1421 4487 1520 4542 rupe«

469 4643 566 4727 1020
954 4641 1016 4716 VI.
1043 4641 1090 4717 A.
1119 4641 1180 4715 14.

365 4788 473 4849 chart.
498 4803 585 4848 saec.
608 4783 676 4846 XV
687 4781 736 4864 fs.
771 4785 836 4846 316
866 4801 970 4856 auru,
1003 4781 1143 4846 30><21
1180 4801 1243 4845 cnr.
1267 4782 1296 4843 1.
1325 4799 1368 4842 m.

587 4908 849 4970 Testamentum
872 4904 985 4967 Vetus
1007 4905 1164 4983 exceptis
1187 4903 1289 4965 libris
1312 4902 1539 4981 propheticis.

469 5017 502 5072 In
526 5017 618 5072 ironte
642 5016 659 5074 1.
689 5016 721 5069 1⁸
744 5023 830 5070 nota:
858 5013 907 5070 »S.
931 5012 1055 5069 loannis
1079 5015 1134 5068 sub
1159 5029 1257 5084 mpe«

1040 5233 1091 5286 420
