4046 5972
1057 531 1116 591 122

384 797 387 806 ,
483 736 504 796 1.
532 737 626 798 195b:
654 737 858 816 »Expliciunt
888 739 974 799 dicta
1003 738 1187 818 Haymonis
1210 739 1338 799 abbatis
1362 738 1576 801 Cliniacensis
1600 739 1723 800 ordinis
1747 737 1780 799 S.

382 822 548 884 Benedicti
572 829 604 884 et
627 841 720 885 sacre
744 826 905 904 theologie
930 827 1073 886 doctoris
1097 842 1196 903 super
1218 827 1377 903 epistolas
1402 826 1488 886 Pauli
1513 843 1570 904 per
1586 842 1705 886 manus
1721 825 1783 904 Sy-

381 909 497 994 monis
520 911 706 987 presbiteri
737 917 813 972 tunc
838 917 993 989 temporis
1017 917 1125 972 vicarii
1149 911 1185 973 in
1208 911 1357 990 Smydar
1379 928 1504 972 moram
1529 913 1693 982 trahentia,
1718 918 1782 972 nati

381 997 522 1056 condam
547 995 738 1058 Duchconis
762 998 802 1058 de
827 997 953 1060 Ledecz
978 1016 1077 1076 prope
1094 997 1324 1059 Rozdalowicz
1341 1006 1373 1059 et
1388 1000 1451 1060 hoc
1468 998 1546 1060 seria
1560 997 1603 1058 IV
1619 1003 1650 1058 in
1667 1007 1784 1059 octava

381 1081 440 1143 SS.
465 1091 571 1161 apost.
596 1084 678 1144 Petri
702 1091 733 1144 et
756 1084 843 1145 Pauli
862 1090 893 1146 in
906 1102 1036 1145 camera
1058 1091 1137 1163 aput
1153 1086 1322 1146 dominum
1335 1084 1594 1164 Hynczyconem
1608 1087 1782 1164 plebanum

380 1174 412 1230 in
436 1170 578 1249 Smydar
601 1171 764 1232 decanum
787 1190 816 1231 a.
842 1171 873 1232 d.
899 1170 1013 1233 1401.‹

484 1295 586 1350 Codex
610 1313 636 1352 a.
664 1296 744 1351 1609
768 1296 838 1352 bibl.
862 1296 1103 1366 Rosenbergicae,
1127 1297 1195 1352 dein
1219 1297 1387 1352 monasterii
1411 1294 1693 1351 ‘l'rebonensis'iuit

488 1499 556 1576 122
973 1497 1003 1614 r
1033 1497 1067 1573 a
1094 1499 1155 1573 aa.

381 1656 490 1717 chart.
514 1673 546 1715 a.
578 1653 660 1715 1411
683 1655 731 1737 ff.
762 1655 837 1730 170,
866 1653 1008 1718 30><22
1038 1673 1100 1715 cm.
1131 1656 1219 1716 2m.
1251 1673 1328 1716 cum
1359 1656 1406 1716 Iit.
1437 1657 1558 1716 initial.
1589 1658 1718 1731 rubris,
1748 1660 1782 1718 in

379 1760 530 1821 qrrarum
548 1743 661 1820 prima
685 1743 835 1802 occurrit
858 1739 986 1821 effigies
1008 1743 1156 1803 doctoris
1177 1743 1311 1803 calamo
1335 1742 1514 1803 delineata.

385 1863 387 1866 ⁵
482 1879 578 1940 Petri
593 1878 778 1941 Lombardi
790 1880 1048 1943 Sententiarum
1058 1879 1188 1941 libriIII
1199 1888 1236 1942 et
1249 1880 1295 1941 1v
1307 1839 1782 1958 eum'expositione'Thomae

379 1966 565 2045 Aquinatis
589 1971 624 2026 et
647 1964 744 2036 Guil.
760 1967 925 2036 Durandi.

384 2119 387 2126 .
482 2070 503 2131 f.
531 2067 666 2131 12-56b
690 2070 929 2133 Sententiarum
952 2073 1031 2132 liber
1053 2071 1101 2132 ΙΙΙ.

390 2179 392 2190 ’
479 2176 499 2237 i.
523 2173 685 2236 dub—80¹³
709 2175 878 2253 Expositio
902 2192 977 2236 cum
1000 2176 1102 2246 hocce
1126 2175 1208 2236 fine:
1236 2175 1392 2253 »Explicit
1414 2177 1535 2237 lectura
1550 2177 1635 2238 beati
1651 2177 1781 2240 Thome

378 2264 420 2325 de
442 2263 581 2341 Aquino
614 2268 645 2322 et
676 2264 707 2322 in
739 2268 827 2340 parte
858 2261 1013 2324 Durandi
1036 2279 1135 2340 super
1157 2261 1204 2323 111.
1229 2263 1280 2322 lib.
1312 2261 1558 2324 Sentenciarum
1583 2281 1640 2341 per
1663 2282 1781 2326 manus

378 2350 484 2410 iratris
507 2348 679 2411 Johannis
703 2348 786 2410 dicti
818 2349 954 2410 Zadube
984 2357 1066 2410 tunc
1094 2348 1236 2411 lectoris
1267 2349 1496 2410 Weronensis
1530 2349 1707 2429 finitusque
1731 2361 1782 2412 est

378 2455 435 2515 per
457 2437 602 2497 eundem
622 2482 628 2495 .
649 2483 655 2496 .
677 2484 683 2496 .
702 2454 731 2495 a.
756 2436 787 2497 d.
814 2436 927 2497 titt«

387 2551 391 2556 '
479 2541 499 2602 1.
524 2541 560 2601 81
590 2546 621 2600 et
643 2539 684 2600 82
708 2544 778 2613 (sol.
803 2550 831 2598 et
854 2535 964 2613 scisso)
987 2539 1089 2600 Index
1112 2545 1143 2599 et
1166 2546 1262 2600 notae
1287 2541 1329 2599 ad
1354 2546 1464 2600 mater.
1489 2542 1638 2617 praeced.

479 2644 500 2705 f.
524 2640 707 2705 83⁸-157b
738 2642 977 2704 Sententiarum
1008 2643 1087 2703 liber
1116 2641 1159 2702 IV
1189 2659 1264 2702 cum
1293 2644 1395 2703 hocce
1427 2643 1508 2703 line:
1540 2644 1696 2722 »Explicit
1718 2645 1780 2704 4ωε

378 2730 636 2878 ῗὲἓϊῐίεῗοίαωῐη,
668 2735 778 2808 incipit
807 2731 929 2790 lectura
961 2747 1060 2807 super
1082 2735 1233 2807 quartum
1257 2729 1372 2789 librum
1397 2736 1637 2791 sentenciamm
1653 2730 1781 2792 Thome

482 2922 502 2982 1.
532 2921 701 2982 157-170
730 2921 900 2998 Expositio
931 2921 998 2979 libri
1021 2918 1064 2978 IV
1087 2937 1192 2997 usque
1216 2920 1258 2979 ad
1282 2938 1353 2998 cap.
1378 2919 1457 2990 Xlil,
1481 2921 1570 2998 quod
1605 2923 1723 2983 desinit
1747 2927 1777 2984 in

378 3011 498 3069 haecce
522 3009 638 3068 verba:
659 3008 766 3085 »quod
785 3006 912 3067 bonitas
931 3008 982 3066 vel
995 3007 1120 3066 malicia
1133 3010 1266 3067 ministri
1286 3009 1383 3067 nichil
1401 3007 1476 3067 lacit
1494 3009 1536 3068 ad
1551 3015 1776 3069 consecracio-

378 3114 464 3166 nem,
490 3101 566 3174 quia
588 3096 651 3155 hoc
673 3112 741 3155 non
765 3099 815 3153 in«
842 3099 969 3154 caetera
993 3093 1113 3154 desunt
1136 3093 1219 3153 loliis
1244 3096 1353 3154 multis
1376 3099 1507 3155 excisis,

391 3213 395 3246 ³
480 3220 527 3273 Ad
551 3234 646 3289 opere.
677 3233 774 3287 super.
806 3217 966 3286 adligatum
990 3222 1034 3270 est
1067 3216 1116 3272 iol.
1141 3218 1261 3273 membr.
1296 3218 1408 3272 codicis
1433 3219 1586 3273 cuiusdam
1610 3234 1689 3276 saec.
1714 3219 1780 3274 XIll

377 3307 459 3360 latini
483 3307 646 3375 argumenti
669 3303 877 3375 philosophici.
901 3303 1080 3358 Intrinsecus
1097 3311 1151 3360 utr.
1166 3319 1261 3373 opere.
1280 3311 1437 3358 occurrunt
1460 3311 1547 3360 notae
1571 3307 1679 3374 variae,
1704 3307 1777 3362 inter

377 3409 450 3463 quas
480 3393 625 3463 quaedam
656 3394 692 3446 ad
723 3391 921 3445 calendarium
951 3391 1136 3460 pertinentes.
1169 3389 1269 3445 Codex
1300 3399 1399 3444 noster
1431 3391 1501 3446 olim
1532 3401 1592 3447 erat
1615 3401 1779 3448 conventus

377 3479 528 3534 Plznensis
552 3480 615 3535 ord.
639 3478 799 3534 Praedicat.

483 3663 552 3746 ΙΒ
955 3659 1166 3736 luha

376 3825 482 3884 clarii,
507 3841 539 3883 a.
564 3823 650 3884 1406
659 3821 706 3903 ff.
730 3820 807 3895 194,
831 3821 974 3882 29><22
996 3837 1059 3880 carr.
1083 3821 1114 3880 d.
1140 3838 1183 3880 m.

480 3963 668 4024 Sermones
690 3960 789 4036 varii,
812 3960 995 4038 praecipue
1018 3959 1059 4021 de
1083 3959 1226 4021 sanctis.

477 4066 604 4128 initium
628 4066 730 4126 deest.
755 4065 774 4126 1.
794 4067 804 4125 l
834 4069 958 4142 incipit:
987 4064 1086 4123 »exilii
1110 4064 1152 4124 ad
1173 4065 1411 4125 habitacionem
1428 4069 1516 4143 regni
1533 4065 1663 4124 celestis
1680 4069 1776 4125 intro·

378 4156 482 4215 ducit«
513 4203 519 4215 .
545 4203 551 4214 .
578 4203 584 4216 .
608 4153 629 4214 f.
653 4148 773 4214 {ib—6²³
798 4152 845 4213 De
870 4156 1024 4229 passione
1048 4149 1166 4212 Christi
1189 4151 1320 4222 (Sermo
1345 4153 1394 4212 hic
1424 4168 1520 4230 porro
1542 4157 1696 4211 tractatur
1719 4153 1778 4211 sed

376 4259 442 4302 non
466 4243 645 4302 absolvitur
667 4239 687 4302 1.
716 4239 775 4300 193
799 4246 831 4300 et
858 4238 926 4298 194.
951 4237 1065 4298 Eidem
1090 4241 1210 4297 inserta
1233 4245 1284 4298 est
1307 4239 1496 4318 apocrypha
1519 4238 1653 4298 historia
1667 4237 1778 4303 Pilati).

377 4329 396 4388 l:
421 4327 495 4388 98⁸:
534 4328 690 4406 »Explicit
724 4329 786 4387 hoc
817 4342 903 4404 opus
934 4343 962 4386 a.
988 4326 1018 4384 d.
1046 4323 1160 4384 1406«.
1191 4321 1408 4386 Nihilominus
1432 4331 1614 4404 sequuntur
1636 4327 1686 4385 alii
1712 4343 1777 4385 ser·

376 4433 493 4475 mones
517 4431 622 4492 usque
646 4414 688 4474 ad
712 4413 732 4474 1.
761 4409 848 4487 ilat,
872 4417 953 4472 inter
975 4427 1060 4488 quos
1085 4417 1161 4472 sunt
1185 4415 1281 4471 etiam
1307 4429 1477 4472 sermones
1502 4412 1541 4471 de
1556 4411 1615 4471 SS.
1633 4417 1777 4489 patronis

376 4502 562 4563 Bohemiae.

478 4607 498 4668 l.
527 4601 727 4666 1801-191Β
751 4606 909 4678 (anepigr.)
933 4601 966 4664 S.
990 4601 1258 4664 Bonaventurae
1287 4601 1472 4680 Expositio
1496 4603 1625 4664 missae
1649 4605 1779 4675 (carens

375 4694 465 4767 line).
493 4692 663 4755 »Christus
686 4695 849 4751 assistens
874 4689 1036 4768 pontifex«
1064 4696 1123 4750 etc.

478 4819 657 4874 Intrinsecus
688 4832 785 4886 opere.
817 4831 913 4888 super.
943 4816 1016 4870 haec
1048 4822 1117 4870 nota
1141 4816 1266 4871 occurrit
1298 4816 1413 4870 calamo
1437 4831 1515 4871 saec.
1540 4813 1594 4869 ΧΥ
1618 4819 1780 4885 inscripta:

378 4906 481 4961 »Liber
511 4912 678 4961 conventus
711 4903 981 4976 Glathowyensis«.
1013 4901 1124 4956 Deinde
1155 4909 1215 4957 erat
1246 4909 1410 4958 conventus
1435 4902 1584 4958 Plznensis
1609 4904 1673 4958 ord.
1698 4919 1780 4972 prae-

375 4997 549 5049 dicatorum.

1062 5213 1095 5258 ⁴4
