4046 5972
982 567 1016 626 31

404 773 424 835 i.
449 773 631 836 217-246.
654 773 844 846 Lutherus,
877 781 972 836 secta
1001 773 1078 852 ejus
1101 777 1136 834 et
1165 771 1416 851 praedicantes.
1462 771 1627 848 (Carmina
1657 777 1702 834 in·

297 865 425 922 recliva
448 865 479 922 in
504 861 679 922 Lutherum
705 865 846 922 auctoris
870 864 1036 938 anonymi,
1068 876 1207 938 quorum
1240 862 1328 919 initio
1359 858 1440 918 haec
1465 864 1542 918 nota
1565 864 1703 920 occurrit

297 953 327 1010 in
355 951 515 1026 margine:
539 949 631 1008 Ausz
655 949 730 1008 dem
751 948 905 1008 unsterbl.
930 945 1049 1007 Luther
1063 963 1221 1024 gezogen.
1247 945 1401 1023 Impress
1426 944 1573 1006 Viennae
1594 945 1699 1024 1699).

402 1050 466 1112 Tit.
490 1050 564 1112 cod.
589 1053 609 1110 b
633 1051 718 1111 idem
742 1057 793 1112 est
815 1056 912 1128 atque
936 1053 1059 1128 prioris,
1081 1059 1112 1110 et
1141 1049 1269 1110 videtur
1299 1053 1464 1109 continere
1488 1049 1595 1110 codex
1619 1067 1695 1128 sup-

296 1139 493 1216 plementum
518 1142 656 1215 primum
681 1133 878 1218 (secundum
902 1155 938 1197 v:
964 1136 984 1196 l.
1010 1137 1047 1196 A.
1077 1136 1127 1214 17)
1163 1135 1380 1214 praelatorum
1413 1135 1691 1212 Fragmentorum.

402 1244 446 1302 Cf.
481 1245 599 1300 codices
634 1244 710 1314 sign.
733 1243 754 1299 1.
778 1244 814 1300 A.
842 1245 889 1299 18.
914 1243 1023 1314 8126,
1057 1246 1126 1298 item
1159 1243 1266 1298 librum
1302 1243 1435 1298 eiusdem
1470 1243 1599 1299 auctoris
1635 1247 1691 1299 sub

293 1333 395 1386 codem
419 1331 504 1386 titulo
528 1330 635 1400 Pragae
664 1331 742 1386 1747
767 1332 846 1402 typis
868 1333 988 1400 editum,
1020 1333 1070 1400 qui
1093 1337 1191 1386 tamen
1215 1345 1283 1384 curn
1306 1331 1373 1385 cod.
1399 1332 1507 1384 nostris
1543 1345 1597 1385 ms
1633 1347 1693 1387 non

293 1419 412 1472 omnino
436 1420 606 1474 concordat.
631 1416 757 1472 Codices
780 1419 882 1472 donati
905 1419 942 1471 ab
966 1425 1084 1472 auctore
1109 1433 1135 1472 a.
1164 1417 1243 1472 1766
1269 1416 1466 1471 bibliothecae
1490 1417 1606 1486 collegii
1630 1417 1693 1473 S.J

293 1503 507 1574 Neo-Progensi
531 1507 568 1560 ad
591 1503 621 1559 S.
645 1503 800 1575 ignatium.

397 1688 452 1771 28
886 1687 923 1762 I.
953 1687 999 1762 Α.
1026 1687 1089 1762 26.

296 1829 401 1890 citari.
425 1831 561 1908 arriogr.
583 1845 671 1890 saec.
696 1827 735 1890 X
742 1827 819 1890 VIII
826 1827 872 1910 ff.
896 1827 962 1888 255
983 1844 1074 1888 raram.
1097 1827 1237 1890 31)(21
1263 1844 1325 1888 cra.

401 1949 594 2027 »Appendix
617 1949 659 2008 ad
691 1947 898 2027 Fragmenta
935 1947 1136 2027 pomarum«
1175 1948 1320 2027 (auctore
1350 1946 1508 2025 Josepho
1543 1948 1693 2011 Ernesto

289 2035 472 2110 Barisien).

398 2143 572 2212 Fragmenta
605 2149 755 2213 poetarum
790 2149 908 2198 auctore
943 2141 968 2198 J.
993 2141 1025 2197 E.
1050 2141 1182 2197 Barisien
1217 2157 1250 2196 v:
1283 2140 1304 2197 I.
1335 2143 1371 2197 A.
1400 2143 1447 2198 18.
1481 2142 1506 2196 81
1534 2143 1581 2200 19.
1606 2151 1633 2199 et
1657 2147 1694 2200 ad

293 2232 396 2285 eadem
419 2229 660 2300 Supplementum
683 2231 845 2284 secundum
869 2229 890 2284 Ι.
914 2229 951 2284 Α.
980 2230 1026 2287 17.
1051 2227 1093 2284 Cf.
1118 2231 1204 2282 etiam
1228 2228 1333 2282 librum
1368 2245 1394 2284 a.
1424 2229 1503 2284 1747
1530 2231 1566 2284 ab
1590 2234 1693 2286 eodem

294 2317 372 2386 typis
396 2319 506 2371 editum
530 2315 647 2386 Pragae.
671 2314 871 2370 Bibliothecae
895 2315 1011 2384 collegii
1035 2315 1064 2370 S.
1089 2313 1114 2370 J.
1139 2313 1323 2384 Neo-Pragae
1348 2318 1385 2370 ad
1410 2315 1439 2372 S.
1464 2315 1610 2386 Ignatium
1640 2318 1696 2389 (si-

291 2410 346 2458 cut
368 2404 486 2458 codices
509 2404 716 2474 praecedentes
740 2411 768 2456 et
790 2404 1003 2472 subsequentes
1025 2401 1150 2456 donavit
1178 2403 1303 2472 auctor).

397 2585 450 2668 29
887 2585 918 2660 I.
946 2587 993 2662 Α.
1020 2585 1081 2661 21.

288 2727 392 2789 citari.
417 2729 552 2806 aeriogr.
577 2743 609 2788 a.
634 2725 719 2787 17511
732 2723 779 2808 ff.
804 2726 1232 2789 116111111135><22ο111

397 2851 527 2920 <Titulus
551 2851 605 2920 1.:)
629 2846 783 2910 Lexicon
806 2845 1013 2926 Theologiae
1037 2846 1189 2920 Metelis,
1225 2845 1351 2909 Omnes
1375 2847 1440 2908 iere
1466 2847 1693 2922 DefinitioneS,

289 2933 473 2996 Divisiones
509 2941 540 2996 et
571 2933 820 2995 Subdivisiones
851 2939 895 2996 uti
927 2942 958 2995 et
981 2935 1143 3012 quasdam
1168 2934 1253 2995 Juris
1277 2935 1433 2996 Canonici
1458 2937 1692 3014 complectens

285 3021 491 3100 alphabetico
515 3021 627 3082 ordine
651 3029 922 3098 congestum...
947 3025 1170 3100 conscriptum
1193 3039 1213 3082 a
1242 3021 1399 3100 Josepho
1422 3021 1574 3084 Ernesto
1597 3023 1693 3085 Bari·

286 3107 372 3170 sien.
399 3107 519 3186 Pragae
547 3107 638 3168 1742.
665 3107 712 3168 De
736 3124 824 3168 novo
849 3108 1047 3186 descriptum
1077 3107 1168 3168 1754.

395 3215 463 3286 (Tit.
487 3215 512 3271 11
523 3215 545 3287 z)
569 3209 794 3272 Definitorium
817 3209 1018 3289 Theologiae
1043 3211 1174 3272 libralis
1199 3219 1260 3273 etc.

393 3320 440 3374 Ab
471 3326 589 3375 auctore
621 3335 647 3374 a.
676 3317 756 3374 1766
780 3321 881 3376 donat.
907 3319 1101 3375 bibliothecae
1131 3321 1247 3390 collegii
1272 3319 1301 3376 S.
1326 3320 1351 3375 J.
1376 3319 1457 3390 Prag.
1484 3323 1523 3374 ad
1548 3319 1577 3376 S.
1603 3320 1688 3392 Igna-

286 3419 372 3464 tium.

389 3573 445 3656 36
885 3573 912 3648 l.
941 3574 987 3648 Α.
1016 3574 1077 3648 22.

286 3715 393 3776 citari.
418 3717 553 3794 araiogr.
579 3732 611 3774 u.
629 3713 713 3775 1762
736 3717 899 3776 exaratus
910 3714 957 3797 ff.
981 3715 1034 3776 62.
1059 3733 1151 3776 trram.
1174 3716 1220 3777 35
1231 3715 1318 3776 ><22
1341 3733 1404 3777 cm.

395 3835 520 3897 »Index
542 3833 749 3898 universalis
772 3833 809 3894 in
843 3835 995 3913 quinque
1014 3834 1202 3898 Volumina
1225 3839 1257 3897 in
1280 3835 1357 3897 iolio
1380 3834 1688 3899 Miscellaneorum

283 3939 301 3984 e
324 3922 433 3984 variis
456 3923 647 3984 Autoribus
671 3921 898 3984 collectorum
920 3923 1042 3983 Autore
1065 3921 1093 3983 J.
1117 3921 1154 3982 E.
1179 3921 1213 3983 Β.
1257 3921 1426 4001 (Josepho
1449 3923 1597 3986 Ernesto
1624 3924 1687 3987 Ba·

282 4009 415 4084 risienl.
440 4009 561 4087 Pragae
584 4027 613 4070 a.
642 4009 752 4070 1762.«
779 4007 904 4084 tlteml:
932 4009 1052 4070 »Index
1075 4008 1100 4069 ΙΙ
1124 4007 1358 4070 Gnomarum.‹

389 4115 580 4172 Miscellanea
609 4119 675 4187 ipsa
706 4133 742 4172 v:
777 4117 841 4173 XV.
873 4117 905 4174 B.
935 4119 960 4172 1.
985 4117 1031 4171 Ab
1054 4123 1174 4172 auctore
1197 4133 1226 4172 a.
1266 4117 1345 4173 1766
1370 4103 1476 4172 60111ῐῖ
1495 4117 1687 4174 bibliothecae

282 4203 398 4272 collegii
422 4203 452 4258 S.
477 4202 502 4258 J.
526 4202 634 4273 Pragae
658 4205 696 4258 ad
720 4203 750 4260 S.
774 4205 929 4276 ignatium.

387 4387 427 4468 31
883 4389 912 4464 I.
942 4389 1076 4464 1113.

280 4527 389 4588 citari.
414 4531 550 4608 arriogr.
573 4545 606 4588 a.
631 4527 717 4590 1763
726 4528 773 4611 ff.
797 4529 840 4590 110
863 4547 954 4591 1111111.
975 4529 1123 4608 35><21
1149 4547 1211 4591 cm.

388 4647 514 4709 »Index
536 4647 748 4709 universalis
771 4647 808 4709 in
832 4649 901 4711 duo
924 4649 1174 4728 Supptementa
1206 4649 1512 4714 Miscellaneorum
1535 4667 1555 4714 e
1578 4651 1685 4714 variis

278 4735 470 4882 {Autoribus
504 4735 731 4797 collectorum
766 4735 888 4796 Autore
907 4735 933 4798 J.
953 4737 990 4798 E.
1011 4737 1047 4798 B.
1073 4733 1247 4819 (Josepho
1270 4737 1350 4799 Ern.
1365 4737 1548 4817 Barisien.)
1564 4739 1686 4817 Pragae

383 4927 593 5000 supplementa
624 4930 689 5000 ipsa
717 4946 752 4985 v:
778 4928 845 4986 XV.
868 4929 901 4986 B.
930 4933 955 4988 l.
988 4931 1033 4986 Ab
1058 4939 1178 4987 auctore
1202 4948 1229 4988 a.
1259 4932 1339 4988 1766
1363 4934 1463 4989 donat.
1489 4931 1684 4987 bibliothecae

278 5015 393 5086 collegii
418 5015 448 5072 S.
472 5014 497 5072 J.
522 5015 706 5087 Neo-Pragae
730 5019 766 5071 ad
791 5017 822 5072 S.
846 5016 1002 5086 ignatium.
