4046 5972
1561 631 1631 684 xvir

239 845 387 923 expressi
412 844 563 906 codicum
587 847 712 906 numeri
736 849 913 918 currenteS,
937 844 979 905 ad
1003 859 1088 922 quos
1112 848 1262 921 spectant
1280 842 1407 904 tabulae
1431 843 1528 906 huius
1552 849 1637 906 cata·

240 948 303 1027 logi
327 953 359 1009 et
381 948 489 1010 index.
537 945 685 1028 Quonim
717 963 927 1009 numerorum
958 961 1024 1026 quo
1058 943 1180 1008 facilior
1213 949 1255 1006 sit
1288 952 1497 1025 conspectus,
1532 947 1638 1009 ubivis

239 1051 424 1130 catalogum
447 1057 596 1113 nostrum
620 1052 790 1122 evolveris,
814 1066 985 1112 numerum
1010 1050 1162 1131 descripti
1189 1050 1312 1112 codicis
1336 1051 1428 1129 primi
1451 1053 1483 1112 ln
1508 1067 1639 1114 summa

241 1159 359 1235 pagina
382 1158 523 1228 sinistra,
547 1154 648 1216 ultimi
671 1159 703 1216 in
727 1170 859 1217 summa
882 1157 1000 1234 pagina
1016 1155 1129 1216 dextra
1145 1158 1299 1217 invenies.
1324 1152 1477 1233 Sequitur
1498 1159 1637 1235 primum

241 1261 349 1320 litteris
372 1262 512 1321 cursivis
535 1258 709 1338 descriptio
732 1259 863 1320 habitus
886 1258 1037 1320 codicum
1068 1261 1190 1320 externi
1222 1257 1397 1336 (materiae,
1421 1264 1545 1334 aetatis,
1577 1277 1639 1323 nu-

242 1365 319 1424 meri
343 1362 521 1424 altitudinis
548 1368 579 1423 et
601 1362 778 1424 latitudinis
794 1361 953 1434 loliorum,
978 1368 1058 1441 quot
1073 1363 1225 1425 manibus
1248 1367 1380 1436 exarati,
1403 1379 1482 1424 num
1507 1367 1638 1443 picturis

242 1469 345 1529 ornati
363 1459 482 1546 sint)³')
499 1471 531 1528 et
554 1465 684 1546 quidem
709 1470 794 1527 notis
818 1468 990 1540 tralaticiis,
1015 1467 1132 1530 deinde
1155 1468 1265 1530 litteris
1289 1469 1465 1529 maioribus
1488 1474 1639 1530 accurate

243 1570 472 1632 describuntur
494 1586 603 1650 opera,
638 1585 722 1649 quae
746 1570 915 1632 codicibus
946 1575 1161 1647 continentur,
1191 1587 1267 1634 curn
1302 1575 1372 1634 suis
1406 1571 1555 1634 loliorum
1579 1588 1640 1633 nu·

241 1667 392 1744 meris.⁸⁴)
437 1673 584 1754 Quarum
608 1675 781 1736 litteramm
806 1679 837 1736 in
862 1675 1079 1737 describendo
1102 1679 1257 1754 usurpavi
1280 1673 1403 1737 lormas
1427 1675 1527 1737 duas:
1551 1693 1639 1738 cras·

242 1780 383 1842 sioribus
406 1784 558 1839 auctores
581 1785 613 1840 et
635 1780 714 1841 tituli
738 1794 873 1857 operum
898 1782 1028 1840 maioris
1052 1784 1218 1851 momenti,
1250 1783 1325 1840 item
1357 1779 1470 1841 librarii
1501 1785 1533 1841 et
1561 1783 1637 1842 anni

242 1887 404 1947 notantur.
431 1883 584 1943 tenuibus
608 1889 714 1943 cetera
737 1886 856 1952 omnia,
881 1886 968 1944 initia
990 1888 1023 1943 et
1045 1881 1129 1944 fines
1153 1899 1298 1962 operum,
1329 1884 1489 1962 opuscula
1519 1885 1637 1960 brevia,

242 1993 349 2055 notae,
374 1991 537 2064 excerpta,
562 1989 633 2047 eius
657 1987 745 2048 modi
769 1988 839 2048 alia.
864 1983 1004 2048 Nomina
1020 1993 1200 2060 auctorum,
1224 2003 1307 2066 quae
1331 1991 1363 2049 in
1386 1987 1556 2049 codicibus
1572 2005 1639 2050 non

246 2090 405 2168 leguntur,
430 2089 489 2150 sed
513 2088 642 2152 aliunde
666 2093 828 2169 exquisita
851 2098 938 2159 sunt,
962 2091 1076 2153 inclusi
1106 2094 1243 2164 uncinis,
1275 2107 1360 2169 quos
1394 2092 1503 2153 itidem
1526 2093 1639 2152 crebro

244 2193 376 2255 adhibui
400 2197 431 2256 in
456 2193 594 2256 diversis
617 2192 858 2267 additamentis,
883 2195 1003 2273 quibus
1026 2195 1263 2273 descriptiones
1287 2197 1487 2274 supplentur.
1511 2194 1637 2262 Titulis

244 2301 298 2378 qui
322 2313 428 2378 neque
453 2301 484 2358 in
508 2313 643 2376 opemm
667 2298 803 2360 exordio
826 2315 932 2378 neque
955 2302 987 2360 ln
1010 2297 1075 2360 tine
1092 2315 1198 2377 neque
1214 2303 1246 2360 in
1263 2303 1398 2378 registro
1421 2303 1638 2371 inveniuntur,

244 2403 303 2463 sed
328 2418 369 2462 ex
393 2406 466 2481 ipso
490 2406 681 2481 argumento
705 2406 877 2482 compositi
902 2408 988 2479 sunt,
1012 2409 1122 2464 notam
1151 2407 1330 2482 ›anepign‹
1357 2401 1501 2482 praefixi.
1518 2401 1640 2466 Contra

244 2522 459 2586 quaeeunque
494 2508 593 2567 verba
628 2510 829 2586 (praesertim
864 2507 994 2568 initialia
1027 2513 1060 2568 et
1082 2506 1203 2585 finalia)
1226 2525 1243 2568 e
1268 2508 1436 2569 codicibus
1470 2511 1551 2586 ipsis
1586 2509 1640 2570 de·

246 2615 401 2692 prompsi,
437 2612 539 2690 signis
566 2637 579 2662 ι
631 2637 643 2662 ι
679 2611 894 2676 includebam.
929 2627 1108 2691 eorumque
1142 2616 1253 2690 utique
1287 2615 1443 2690 integram
1478 2612 1640 2674 scribendi

243 2719 410 2786 rationem,
435 2716 539 2795 qualis
562 2719 593 2776 in
618 2715 786 2775 codicibus
811 2720 870 2785 est,
887 2717 1074 2780 retinebam.
1092 2732 1157 2778 non
1174 2721 1283 2777 tamen
1306 2719 1359 2790 ita,
1383 2721 1418 2777 ut
1440 2716 1639 2778 maiusculas

244 2821 364 2882 litteras
386 2837 445 2899 pro
469 2820 671 2890 minusculis,
695 2819 708 2878 i
730 2835 787 2897 pro
801 2817 833 2898 j,
857 2837 876 2880 o
900 2836 957 2898 pro
980 2837 1003 2881 rr
1027 2823 1150 2898 passim
1174 2837 1295 2898 ponere
1318 2825 1350 2880 et
1372 2835 1479 2880 annos
1501 2821 1640 2882 arabicis

244 2939 452 2986 numerorum
477 2927 564 2986 notis
587 2927 766 3002 exprimere
790 2941 925 2986 vererer.
961 2924 1129 2984 Postremo
1152 2925 1262 2986 litteris
1286 2925 1466 2986 minoribus
1496 2940 1639 2987 excusae

245 3035 322 3089 sunt
344 3035 441 3090 notae
466 3028 497 3089 in
521 3029 682 3106 operculis
706 3030 756 3088 vel
781 3028 863 3089 loliis
888 3029 1071 3107 praeligatis
1095 3035 1126 3090 et
1148 3029 1298 3107 adligatis
1321 3033 1541 3100 occurrentes,
1555 3045 1639 3108 quae

244 3133 433 3211 plerumque
457 3137 562 3211 priora
585 3133 736 3194 codicum
768 3132 833 3194 iata
856 3139 887 3193 et
911 3148 1126 3212 possessores
1156 3139 1367 3206 concernunt,
1402 3148 1639 3212 nonnunquam

244 3239 410 3297 historiam
434 3241 540 3314 ipsam
565 3238 732 3308 illustrant,
757 3243 789 3297 et
810 3242 1021 3298 recensentur
1042 3236 1223 3314 fragmenta
1246 3241 1463 3316 antiquiorum
1487 3237 1638 3298 codicum

243 3341 292 3402 vel
317 3341 590 3403 documentorum
625 3343 786 3420 operculis
810 3358 876 3403 non
916 3359 988 3404 raro
1023 3343 1236 3421 adligatorum
1273 3343 1323 3403 vel
1357 3342 1640 3420 adglutinatorum.

242 3445 370 3524 Quibus
393 3450 480 3507 notis
503 3445 656 3507 finalibus
680 3451 803 3525 passim
839 3447 1089 3528 (nonnunquam
1113 3451 1209 3508 etiam
1241 3446 1512 3524 descriptionibus
1546 3441 1640 3524 ipsis)

243 3550 374 3612 additus
398 3557 449 3610 est
471 3555 648 3628 apparatus
672 3554 725 3630 qui
750 3551 864 3612 dicitur
894 3551 1063 3611 litterarius
1098 3567 1209 3611 eorum
1245 3551 1360 3611 saltem
1396 3551 1640 3628 opusculorum,

243 3671 326 3734 quae
350 3655 392 3716 ad
416 3656 583 3716 historiam
610 3659 743 3733 patriam
768 3655 990 3717 illustrandam
1022 3656 1171 3716 videntur
1193 3671 1269 3714 esse
1303 3654 1439 3714 alicuius
1474 3655 1639 3723 momenti,

241 3775 340 3837 saepe
364 3763 460 3820 etiam
484 3759 630 3820 aliorum.
675 3757 759 3820 Nam
782 3776 857 3820 cum
882 3763 1016 3820 minima
1046 3776 1122 3840 pars
1145 3759 1315 3819 latinorum
1340 3757 1490 3818 codicum
1514 3763 1641 3818 nostro·

244 3879 313 3924 rum
339 3863 477 3941 (circiter
504 3863 578 3938 100)
601 3879 689 3925 saec.
713 3861 785 3925 XlV
816 3867 976 3943 antiquior
1006 3869 1105 3936 esset,
1140 3867 1283 3924 maxima
1316 3862 1454 3938 (circiter
1476 3858 1574 3938 2100)
1597 3860 1640 3921 ad

243 3969 376 4028 saecula
397 3966 472 4030 XIV
494 3974 526 4029 et
548 3967 609 4028 XV
633 3968 811 4046 referretur,
836 3969 955 4048 quibus
979 3971 1090 4029 omnia
1112 3967 1221 4029 divina
1243 3973 1276 4027 et
1298 3968 1443 4027 humana
1465 3964 1553 4043 apud
1577 3981 1639 4026 nos

242 4073 471 4136 miscebantur.
496 4076 592 4133 etiam
616 4075 647 4133 in
672 4073 734 4133 hoc
758 4078 915 4152 apparatu
932 4072 1155 4152 conquirendo
1172 4087 1284 4132 eorum
1307 4070 1454 4149 inprimis
1477 4070 1639 4139 librorum,

242 4179 295 4254 qui
319 4177 442 4238 illarum
468 4177 633 4238 turbarum
658 4183 754 4238 notas
789 4177 950 4256 quasdam
982 4183 1014 4237 et
1046 4179 1183 4256 vestigia
1216 4192 1293 4253 prae
1327 4191 1363 4235 se
1399 4172 1526 4246 ferrent,
1561 4175 1641 4232 ratio

241 4282 317 4342 mihi
340 4281 494 4342 habenda
516 4298 592 4342 esse
616 4281 794 4343 videbatur.
842 4280 947 4361 Quem
971 4285 1162 4359 apparatum
1195 4283 1326 4339 minime
1363 4293 1439 4338 esse
1455 4275 1641 4356 perlectum

241 4401 347 4465 neque
372 4386 559 4447 absolutum
595 4403 796 4466 quamquam
828 4387 905 4447 mihi
940 4389 1095 4448 conscius
1119 4401 1204 4458 sum,
1240 4391 1349 4445 tamen
1373 4398 1470 4462 spero
1493 4380 1572 4456 lore,
1606 4386 1643 4442 ut

242 4491 393 4551 historiae
418 4495 550 4551 nostrae
574 4491 809 4552 scrutatoribus
832 4492 894 4550 hae
925 4490 1233 4570 quantulaecunque
1264 4493 1361 4549 notae
1384 4489 1543 4565 gratiores
1577 4487 1643 4546 sint

339 4663 379 4742 83)
401 4669 434 4725 In
458 4669 575 4725 schedis
608 4666 697 4722 huius
736 4668 862 4737 catalogi
896 4666 1086 4737 autographis
1109 4666 1140 4720 in
1162 4671 1311 4736 posterum
1342 4662 1529 4719 asservandis
1552 4666 1642 4717 etiam

240 4759 430 4827 annotabam,
454 4757 604 4830 quomodo
627 4754 748 4810 codices
772 4754 853 4825 ligati
876 4761 976 4810 essent
999 4760 1027 4810 et
1049 4760 1121 4824 quot
1143 4751 1289 4807 columnis
1312 4750 1421 4806 librarii
1444 4749 1641 4820 scripsissent,

238 4861 313 4919 quas
335 4853 433 4902 tamen
457 4850 554 4912 notas,
577 4857 645 4899 cum
669 4847 770 4898 essent
791 4837 912 4897 minoris
935 4840 1084 4908 momenti,
1108 4840 1156 4895 hio
1178 4838 1354 4895 omittendas
1376 4835 1486 4908 putavi.

337 4943 379 5022 ³⁴)
400 4949 520 5006 Veteres
554 4947 691 5004 loliorum
725 4961 873 5018 numeros,
908 4946 975 5002 licet
1008 4947 1152 5002 interdurn
1186 4946 1321 5013 vitiosos,
1345 4947 1465 4997 retinere
1487 4940 1642 4996 studebam

239 5039 345 5095 melius
368 5046 477 5111 putans
501 5034 575 5092 tales
598 5035 728 5103 codieeS,
763 5048 887 5105 quorum
922 5032 992 5088 folia
1021 5032 1114 5089 multo
1146 5037 1212 5086 ante
1246 5045 1365 5086 »num«
1397 5029 1453 5098 (:
1477 5027 1651 5117 numerata)

238 5129 306 5200 sint,
330 5128 367 5182 ab
391 5126 475 5182 initio
500 5122 621 5181 indicari
645 5135 737 5194 quam
763 5135 948 5177 numerorum
972 5125 1075 5175 seriem
1099 5123 1213 5175 mutari.
