3996 5954
900 517 981 580 1139

249 808 259 822 .
348 723 368 784 1.
393 720 597 787 &ill-357²
621 724 805 804 (Pseudo)
828 724 994 806 Dionysii
1031 724 1134 788 Liber
1156 728 1198 788 de
1222 726 1352 788 divinis
1369 726 1569 790 nominibus
1593 729 1638 804 (in

241 811 305 870 nne
334 815 599 958 maggusl-aeffl
623 897 785 977 Excerpta
807 903 897 960 varia
920 900 1104 977 theologica
1125 905 1158 960 et
1180 901 1463 962 canon.·iuridica.

350 984 369 1045 1.
394 983 601 1045 370⁸-3752
625 983 755 1047 Tabula
776 984 952 1047 intervalli
976 1002 1056 1048 cum
1079 985 1310 1064 expositione.
1341 987 1389 1061 (ln
1413 987 1517 1048 fronte
1541 993 1638 1047 nota:

242 1069 280 1130 Α.
306 1070 338 1131 11.
366 1071 530 1133 14441011
560 1086 661 1132 unum
687 1087 745 1150 pro
769 1088 869 1133 aureo
892 1077 1054 1146 numero.)
1397 1121 1398 1126 ,

348 1156 369 1218 1.
393 1153 600 1218 3761-3771
624 1157 657 1219 S.
682 1159 857 1237 Augustini
881 1157 1060 1222 Sermones
1095 1160 1162 1220 duo
1185 1160 1226 1220 de
1251 1159 1284 1222 S.
1308 1159 1458 1220 Iohanne
1482 1158 1637 1237 Baptista.

344 1263 377 1320 ln
401 1263 449 1322 101,
475 1265 593 1336 praelig.
620 1281 680 1320 non
703 1281 783 1321 num.
808 1267 935 1321 occurrit
958 1269 1047 1322 index
1070 1267 1144 1323 libro
1169 1273 1383 1334 contentorum,
1418 1282 1504 1337 quem
1527 1267 1638 1337 passim

238 1356 268 1404 et
292 1365 347 1406 nos
371 1353 464 1408 secuti
488 1366 601 1408 sumus.
626 1350 659 1407 10
683 1351 776 1408 fronte
800 1353 817 1410 1,
842 1354 880 1408 4⁸
903 1353 976 1408 haec
999 1361 1069 1410 nota
1092 1361 1158 1409 est:
1209 1353 1283 1410 »Istc
1307 1354 1380 1409 liber
1403 1361 1447 1409 est
1471 1355 1639 1408 monasterii

240 1452 263 1492 s.
288 1436 432 1494 Iohannis
455 1440 484 1494 in
508 1437 640 1508 Insula«,
680 1439 726 1494 cui
763 1454 851 1495 manu
886 1440 1037 1496 recentiori
1074 1439 1302 1512 superscriptum
1337 1447 1399 1496 est:
1449 1438 1638 1494 »Monostcrii

238 1537 264 1578 s.
289 1523 413 1579 loannis
436 1526 492 1579 sub
515 1541 615 1596 rupe«

345 1638 440 1721 1136
859 1641 915 1718 VI.
943 1642 987 1716 E.
1014 1643 1075 1717 20.

240 1761 348 1824 clearl.
371 1780 459 1826 saec.
484 1761 523 1824 X
531 1761 591 1825 VII
598 1764 644 1845 ff.
667 1749 721 1841 39,
745 1763 887 1826 18)(11
909 1781 973 1826 cm.
995 1765 1014 1826 1
1039 1783 1084 1826 m.

240 1863 400 1927 Censura
421 1883 590 1930 censurae
613 1869 705 1930 latae
728 1885 757 1930 a.
785 1866 868 1928 1684
891 1874 936 1938 (in
959 1875 1126 1947 prooemio
1151 1873 1289 1930 occurrit
1322 1887 1351 1930 a.
1391 1868 1486 1941 1674)
1520 1885 1541 1929 a
1577 1865 1640 1928 PP.

240 1951 468 2015 Revisoribus
492 1955 567 2016 Soc.
609 1954 697 2017 Jesu
721 1963 842 2018 contra
864 1955 993 2017 librum
1017 1958 1058 2018 de
1081 1961 1177 2018 recto
1200 1972 1268 2017 usu
1290 1955 1495 2034 opinionum
1518 1954 1639 2032 proba-

292 2039 412 2101 bilium
444 2045 663 2119 compositum
688 2061 708 2103 a
731 2048 859 2116 (auctor
882 2043 948 2103 libri
972 2047 1138 2122 ignoratur
1161 2045 1250 2104 titulo
1274 2041 1387 2104 forfice
1412 2047 1584 2114 truncato).

347 2190 440 2274 1137
862 2196 926 2272 VI.
955 2197 998 2272 E.
1026 2197 1087 2272 21.

241 2316 349 2376 chart.
372 2334 459 2378 saec.
483 2315 709 2396 XVlAlllff.
735 2319 787 2394 16,
810 2319 850 2380 21
866 2320 955 2380 ><15
975 2337 1037 2380 cm.
1061 2321 1079 2380 1
1105 2337 1147 2380 m.

327 2419 347 2480 1.
377 2420 703 2484 111-1210000010
726 2421 769 2484 de
791 2421 885 2484 llese
916 2423 1029 2500 presb.
1063 2421 1266 2484 itinerarius
1301 2438 1322 2484 a
1353 2421 1550 2484 Jerusalem
1580 2437 1642 2499 per

240 2507 401 2569 diversas
424 2507 545 2568 mundi
567 2523 695 2584 partes.
728 2507 815 2570 ltem
837 2509 1020 2571 Tractatus
1044 2511 1086 2571 de
1116 2509 1236 2572 decem
1259 2508 1458 2570 nationibus
1482 2508 1640 2570 christia-

242 2611 376 2656 norum.
405 2595 460 2654 »Α.
486 2596 516 2655 d.
545 2594 627 2656 1389
649 2593 818 2656 lohannes
842 2597 883 2656 de
906 2595 1014 2656 Hese«
1043 2599 1073 2650 Χ
1101 2597 1161 2656 »ad
1185 2612 1284 2656 unam
1307 2596 1407 2657 iidem
1431 2600 1463 2655 et
1485 2595 1639 2655 obedien-

241 2685 323 2742 ciam
348 2697 481 2742 romane
505 2683 642 2742 ecclesie
667 2681 905 2743 reduxissent«
932 2681 995 2760 (Cf.
1021 2681 1184 2756 1180110111,
1209 2681 1290 2742 Bibl.
1314 2681 1451 2742 Palaest.
1476 2698 1507 2759 p.
1531 2679 1598 2758 92.)

349 2766 369 2828 1.
399 2764 556 2828 121-141
588 2767 745 2845 Epistola
778 2767 951 2830 Johannis
986 2769 1127 2831 Soldani
1161 2767 1431 2846 Babyloniorum
1465 2768 1508 2830 ad
1541 2767 1641 2829 Pium

241 2870 365 2932 papam
388 2853 425 2916 ll.

349 2941 369 3003 1.
398 2937 558 3002 141-161)
583 2939 637 3001 l‘ii
660 2939 689 3001 lI
711 2939 867 3019 Epistola
891 2941 1117 3020 responsoria
1148 2941 1190 3001 ad
1213 2939 1404 3002 Soldanum
1436 2939 1513 3000 data
1543 2939 1640 3001 Senis

242 3026 270 3086 V
294 3030 357 3092 kal,
381 3027 474 3089 Mart.
503 3026 593 3088 1460.

345 3135 467 3192 Videtur
489 3150 555 3190 esse
579 3137 780 3207 apographum
804 3137 979 3207 exemplaris
1003 3135 1082 3208 typis
1105 3137 1175 3191 editi
1198 3151 1222 3192 s.
1246 3136 1265 3192 l.
1290 3141 1367 3191 eta.
1392 3163 1435 3174 -
1458 3133 1537 3190 circa
1556 3134 1637 3190 1480

241 3232 269 3278 et
292 3221 406 3278 modice
431 3222 591 3276 concordat
614 3238 681 3277 cum
705 3230 786 3278 textu
809 3223 949 3278 librorum
973 3229 1140 3280 nostrorum
1165 3222 1216 3278 44.
1241 3222 1276 3276 G.
1302 3221 1318 3276 2
1344 3238 1373 3277 0.
1409 3225 1421 3276 1
1455 3229 1482 3278 01
1516 3221 1568 3278 44.
1605 3220 1639 3278 G.

242 3310 280 3366 47
307 3327 334 3367 0.
362 3311 390 3366 2.
415 3307 517 3364 Codex
540 3309 611 3363 olim
635 3309 784 3380 adligatus
808 3318 869 3364 erat
892 3309 967 3366 libro
990 3317 1092 3364 nostro
1119 3310 1167 3366 50.
1192 3309 1225 3369 B.
1251 3309 1301 3364 31.

346 3459 441 3543 1138
869 3457 929 3534 Vl.
958 3459 996 3536 F.
1025 3461 1060 3535 1.

240 3584 349 3647 chart.
371 3601 458 3646 saec.
482 3581 606 3645 XVIII
623 3585 709 3664 (post
730 3600 762 3644 a.
786 3582 885 3654 1712)
899 3581 946 3663 ff.
968 3581 1042 3660 147,
1059 3582 1234 3645 22·5><17
1246 3599 1307 3643 cm.
1331 3582 1349 3644 1
1375 3600 1420 3642 m.

240 3689 334 3752 Petri
358 3687 522 3750 Bourdon
547 3685 815 3764 Privilegiorurn
839 3695 873 3748 et
895 3687 1095 3749 libertatum
1118 3685 1213 3748 Cleri
1235 3685 1438 3748 secundarii
1472 3682 1637 3745 100111011-

242 3778 295 3839 sis
319 3792 383 3838 nec
407 3791 478 3837 non
500 3789 632 3850 eorum,
656 3789 744 3851 quae
766 3782 839 3834 tam
863 3789 908 3835 ex
931 3774 1081 3835 adverso
1104 3789 1207 3850 quam
1231 3789 1295 3849 pro
1326 3772 1396 3834 illis
1429 3769 1569 3832 tuendis
1604 3769 1640 3831 in

240 3867 333 3926 hunc
355 3878 467 3940 usque
490 3860 582 3923 diem
605 3859 752 3922 subinde
774 3866 877 3939 gesta
898 3869 990 3936 sunt,
1015 3862 1131 3922 brevis
1155 3859 1317 3921 narratio.
1349 3859 1400 3919 Ad
1436 3863 1640 3936 posterorum

240 3954 494 4019 instructionem.
519 3948 697 4010 eorundem
722 3951 959 4026 privilegiorum
982 3963 1021 4008 ac
1046 3948 1227 4009 libertatum
1251 3949 1293 4023 (si
1316 3945 1398 4006 forte
1416 3946 1554 4023 posthac
1571 3960 1637 4003 rur-

241 4056 300 4098 sus
324 4040 567 4114 impugnentur)
598 4045 815 4114 opportunam
850 4033 1077 4096 defensionem
1109 4034 1244 4096 fideliter
1266 4037 1452 4110 conscripta
1474 4048 1494 4091 a
1517 4035 1640 4104 (cetera

240 4127 361 4186 desunt
383 4124 459 4183 lolio
483 4128 639 4184 truncato
664 4119 793 4182 Nomen
816 4125 960 4182 auctoris
984 4139 1002 4181 e
1026 4122 1264 4199 subscriptione
1289 4121 1450 4180 literarum
1475 4117 1639 4178 dedicato-

241 4217 358 4274 riarum
383 4210 590 4285 sumsimus).
615 4210 732 4270 Annus
756 4212 959 4269 novissimus
983 4209 1197 4287 diplomatum
1230 4213 1262 4267 et
1296 4207 1567 4266 documentorum
1604 4208 1636 4264 in

672 4297 750 4356 libro
774 4299 1012 4356 occurrentium
1036 4301 1088 4356 est
1114 4293 1205 4356 1712.

343 4388 375 4442 10
399 4387 450 4442 101.
474 4385 635 4458 praeligato
657 4387 841 4457 possessoris
866 4401 974 4441 000100
997 4393 1059 4440 est:
1087 4384 1131 4441 »J.
1157 4383 1205 4441 W.
1229 4398 1288 4438 von
1312 4381 1419 4437 Horst«
1446 4390 1474 4438 et
1489 4381 1637 4454 precium:

243 4491 329 4532 »com
353 4476 373 4529 4
397 4474 466 4530 ecus
491 4473 659 4545 d'empire.«

861 4585 919 4662 Vl.
946 4587 987 4661 F.
1014 4586 1050 4660 2.

239 4590 457 4778 0101111οἶΞο
481 4711 676 4775 XV-XVI
690 4711 730 4792 ff.
753 4711 805 4784 30,
829 4710 868 4773 21
886 4707 981 4788 ><14
1002 4727 1065 4770 cm.
1086 4711 1103 4771 1
1129 4725 1173 4768 m.
1202 4726 1279 4769 cnm
1299 4707 1453 4789 pr'cluris.

454 4821 523 4878 Pars
546 4837 643 4894 super.
667 4819 717 4876 101.
746 4821 758 4876 1
785 4816 880 4875 001110
904 4825 1017 4874 resecta
1040 4825 1069 4873 ct
1092 4817 1195 4873 titulus
1219 4817 1340 4872 mutilus
1363 4823 1418 4873 est.

237 4923 359 4986 Jacobi
382 4921 544 4985 Canteris
567 4919 706 4999 Phrysii
730 4919 823 4982 Rosa
846 4917 1026 4980 Rosensis.
1065 4916 1205 4980 Carmen
1244 4919 1565 4994 dramatico-epicum
1596 4915 1639 4976 ad

507 5010 667 5070 honorem
692 5007 831 5068 familiae
856 5004 1117 5084 Rosenbergicae
1141 5009 1372 5084 conscriptum.
1478 5039 1481 5044 ·

915 5231 967 5280 459
