<?xml version="1.0" encoding="UTF-8"?>
<!DOCTYPE html PUBLIC "-//W3C//DTD XHTML 1.0 Transitional//EN"
    "http://www.w3.org/TR/xhtml1/DTD/xhtml1-transitional.dtd">
<html xmlns="http://www.w3.org/1999/xhtml" xml:lang="en" lang="en">
 <head>
  <title>
</title>
<meta http-equiv="Content-Type" content="text/html;charset=utf-8" />
  <meta name='ocr-system' content='tesseract 3.04.00' />
  <meta name='ocr-capabilities' content='ocr_page ocr_carea ocr_par ocr_line ocrx_word'/>
</head>
<body>
  <div class='ocr_page' id='page_1' title='image "./cataloguscodicu02truhgoog_0508.png"; bbox 0 0 3996 5954; ppageno 0'>
   <div class='ocr_carea' id='block_1_1' title="bbox 925 509 1008 568">
    <p class='ocr_par' dir='ltr' id='par_1_1' title="bbox 925 509 1008 568">
     <span class='ocr_line' id='line_1_1' title="bbox 925 509 1008 568; baseline 0 0"><span class='ocrx_word' id='word_1_1' title='bbox 925 509 1008 568; x_wconf 89' lang='grc'><strong>1144</strong></span> 
     </span>
    </p>
   </div>
   <div class='ocr_carea' id='block_1_2' title="bbox 246 717 1662 1054">
    <p class='ocr_par' dir='ltr' id='par_1_2' title="bbox 246 717 1662 1054">
     <span class='ocr_line' id='line_1_2' title="bbox 246 717 1662 790; baseline 0.007 -20"><span class='ocrx_word' id='word_1_2' title='bbox 246 718 450 790; x_wconf 85' lang='lat' dir='ltr'><strong>inscriptione</strong></span> <span class='ocrx_word' id='word_1_3' title='bbox 473 717 503 774; x_wconf 90' lang='lat' dir='ltr'><strong>in</strong></span> <span class='ocrx_word' id='word_1_4' title='bbox 528 717 577 775; x_wconf 89' lang='lat' dir='ltr'><strong>lol.</strong></span> <span class='ocrx_word' id='word_1_5' title='bbox 600 717 761 788; x_wconf 88' lang='lat' dir='ltr'><strong>praeligato</strong></span> <span class='ocrx_word' id='word_1_6' title='bbox 785 720 950 776; x_wconf 85' lang='lat' dir='ltr'>edocemur.</span> <span class='ocrx_word' id='word_1_7' title='bbox 974 720 1010 774; x_wconf 92' lang='lat' dir='ltr'><strong>A.</strong></span> <span class='ocrx_word' id='word_1_8' title='bbox 1039 718 1121 774; x_wconf 82' lang='lat'>1609</span> <span class='ocrx_word' id='word_1_9' title='bbox 1146 722 1240 775; x_wconf 86' lang='lat' dir='ltr'>codex</span> <span class='ocrx_word' id='word_1_10' title='bbox 1263 727 1322 776; x_wconf 88' lang='lat' dir='ltr'><strong>erat</strong></span> <span class='ocrx_word' id='word_1_11' title='bbox 1347 723 1376 776; x_wconf 91' lang='lat' dir='ltr'><strong>in</strong></span> <span class='ocrx_word' id='word_1_12' title='bbox 1400 723 1470 780; x_wconf 91' lang='lat' dir='ltr'><strong>bibl.</strong></span> <span class='ocrx_word' id='word_1_13' title='bbox 1495 723 1662 780; x_wconf 87' lang='lat' dir='ltr'><strong>Rosenber-</strong></span> 
     </span>
     <span class='ocr_line' id='line_1_3' title="bbox 246 805 1660 880; baseline 0.006 -21"><span class='ocrx_word' id='word_1_14' title='bbox 246 805 335 874; x_wconf 73' lang='lat' dir='ltr'><strong>gicn,</strong></span> <span class='ocrx_word' id='word_1_15' title='bbox 360 821 396 861; x_wconf 87' lang='lat' dir='ltr'><strong>ex</strong></span> <span class='ocrx_word' id='word_1_16' title='bbox 419 821 477 877; x_wconf 87' lang='lat' dir='ltr'><strong>qua</strong></span> <span class='ocrx_word' id='word_1_17' title='bbox 499 805 652 860; x_wconf 90' lang='lat' dir='ltr'><strong>restitutus</strong></span> <span class='ocrx_word' id='word_1_18' title='bbox 675 811 719 860; x_wconf 89' lang='lat' dir='ltr'><strong>est</strong></span> <span class='ocrx_word' id='word_1_19' title='bbox 743 805 921 860; x_wconf 88' lang='lat' dir='ltr'><strong>monasterio</strong></span> <span class='ocrx_word' id='word_1_20' title='bbox 952 806 1092 876; x_wconf 88' lang='lat' dir='ltr'><strong>praelato.</strong></span> <span class='ocrx_word' id='word_1_21' title='bbox 1140 805 1286 878; x_wconf 91' lang='lat' dir='ltr'><strong>Operculo</strong></span> <span class='ocrx_word' id='word_1_22' title='bbox 1321 823 1417 879; x_wconf 90' lang='lat' dir='ltr'><strong>super.</strong></span> <span class='ocrx_word' id='word_1_23' title='bbox 1453 810 1564 880; x_wconf 87' lang='lat' dir='ltr'><strong>adgluti</strong></span> <span class='ocrx_word' id='word_1_24' title='bbox 1574 817 1660 867; x_wconf 87' lang='lat' dir='ltr'><strong>natae</strong></span> 
     </span>
     <span class='ocr_line' id='line_1_4' title="bbox 248 891 1658 964; baseline 0.006 -19"><span class='ocrx_word' id='word_1_25' title='bbox 248 899 330 947; x_wconf 88' lang='lat' dir='ltr'><strong>sunt</strong></span> <span class='ocrx_word' id='word_1_26' title='bbox 352 893 452 947; x_wconf 88' lang='lat' dir='ltr'><strong>literae</strong></span> <span class='ocrx_word' id='word_1_27' title='bbox 476 891 605 962; x_wconf 77' lang='lat' dir='ltr'>magistri</span> <span class='ocrx_word' id='word_1_28' title='bbox 630 892 738 948; x_wconf 89' lang='lat' dir='ltr'><strong>civium</strong></span> <span class='ocrx_word' id='word_1_29' title='bbox 761 893 842 948; x_wconf 88' lang='lat' dir='ltr'><strong>civit.</strong></span> <span class='ocrx_word' id='word_1_30' title='bbox 857 891 958 947; x_wconf 87' lang='lat' dir='ltr'><strong>Piesek</strong></span> <span class='ocrx_word' id='word_1_31' title='bbox 982 893 1019 946; x_wconf 89' lang='lat' dir='ltr'><strong>ad</strong></span> <span class='ocrx_word' id='word_1_32' title='bbox 1042 895 1189 964; x_wconf 82' lang='lat' dir='ltr'><strong>quendam</strong></span> <span class='ocrx_word' id='word_1_33' title='bbox 1206 893 1376 964; x_wconf 88' lang='lat' dir='ltr'><strong>magistrum</strong></span> <span class='ocrx_word' id='word_1_34' title='bbox 1393 897 1429 950; x_wconf 90' lang='lat' dir='ltr'><strong>de</strong></span> <span class='ocrx_word' id='word_1_35' title='bbox 1444 911 1544 952; x_wconf 86' lang='lat' dir='ltr'><strong>annuo</strong></span> <span class='ocrx_word' id='word_1_36' title='bbox 1567 912 1658 954; x_wconf 87' lang='lat' dir='ltr'><strong>censu</strong></span> 
     </span>
     <span class='ocr_line' id='line_1_5' title="bbox 249 975 1372 1054; baseline 0.005 -22"><span class='ocrx_word' id='word_1_37' title='bbox 249 979 408 1035; x_wconf 86' lang='lat' dir='ltr'><strong>altaristae</strong></span> <span class='ocrx_word' id='word_1_38' title='bbox 432 993 457 1034; x_wconf 89' lang='lat' dir='ltr'><strong>s.</strong></span> <span class='ocrx_word' id='word_1_39' title='bbox 482 978 662 1047; x_wconf 79' lang='lat' dir='ltr'><strong>sigismundi</strong></span> <span class='ocrx_word' id='word_1_40' title='bbox 687 980 717 1034; x_wconf 90' lang='lat' dir='ltr'><strong>in</strong></span> <span class='ocrx_word' id='word_1_41' title='bbox 741 978 843 1034; x_wconf 87' lang='lat' dir='ltr'><strong>Piesek</strong></span> <span class='ocrx_word' id='word_1_42' title='bbox 866 986 1035 1049; x_wconf 87' lang='lat' dir='ltr'><strong>comparato</strong></span> <span class='ocrx_word' id='word_1_43' title='bbox 1059 975 1150 1054; x_wconf 88' lang='lat' dir='ltr'><strong>(saec.</strong></span> <span class='ocrx_word' id='word_1_44' title='bbox 1180 977 1372 1051; x_wconf 86' lang='lat' dir='ltr'>XIV—XV).</span> 
     </span>
    </p>
   </div>
   <div class='ocr_carea' id='block_1_3' title="bbox 248 1179 1090 1398">
    <p class='ocr_par' dir='ltr' id='par_1_3' title="bbox 248 1179 1090 1398">
     <span class='ocr_line' id='line_1_6' title="bbox 366 1179 1082 1262; baseline -0.013 0"><span class='ocrx_word' id='word_1_45' title='bbox 366 1179 464 1262; x_wconf 72' lang='lat' dir='ltr'><strong>lma</strong></span> <span class='ocrx_word' id='word_1_46' title='bbox 887 1179 1082 1255; x_wconf 72' lang='lat' dir='ltr'><strong>WRd</strong></span> 
     </span>
     <span class='ocr_line' id='line_1_7' title="bbox 248 1318 1090 1398; baseline 0 -16"><span class='ocrx_word' id='word_1_47' title='bbox 248 1322 367 1384; x_wconf 85' lang='lat' dir='ltr'><strong>chart.</strong></span> <span class='ocrx_word' id='word_1_48' title='bbox 389 1338 476 1383; x_wconf 84' lang='lat' dir='ltr'><strong>saec.</strong></span> <span class='ocrx_word' id='word_1_49' title='bbox 500 1319 569 1382; x_wconf 92' lang='lat' dir='ltr'><strong>XV</strong></span> <span class='ocrx_word' id='word_1_50' title='bbox 579 1318 629 1398; x_wconf 87' lang='lat' dir='ltr'><strong>fs.</strong></span> <span class='ocrx_word' id='word_1_51' title='bbox 653 1321 728 1394; x_wconf 81' lang='lat'><strong><em>253,</em></strong></span> <span class='ocrx_word' id='word_1_52' title='bbox 750 1320 896 1381; x_wconf 81' lang='lat'><em>22&gt;&lt;15</em></span> <span class='ocrx_word' id='word_1_53' title='bbox 914 1336 978 1382; x_wconf 86' lang='lat' dir='ltr'><strong>cm.</strong></span> <span class='ocrx_word' id='word_1_54' title='bbox 1001 1320 1018 1381; x_wconf 89' lang='lat'><em>1</em></span> <span class='ocrx_word' id='word_1_55' title='bbox 1045 1339 1090 1382; x_wconf 89' lang='lat' dir='ltr'><strong>m.</strong></span> 
     </span>
    </p>
   </div>
   <div class='ocr_carea' id='block_1_4' title="bbox 251 1456 1659 2058">
    <p class='ocr_par' dir='ltr' id='par_1_4' title="bbox 251 1456 1659 1695">
     <span class='ocr_line' id='line_1_8' title="bbox 367 1456 1659 1540; baseline 0.005 -20"><span class='ocrx_word' id='word_1_56' title='bbox 367 1460 388 1522; x_wconf 90' lang='lat' dir='ltr'><strong>l.</strong></span> <span class='ocrx_word' id='word_1_57' title='bbox 417 1460 570 1522; x_wconf 72' lang='lat' dir='ltr'><strong>l·-144³</strong></span> <span class='ocrx_word' id='word_1_58' title='bbox 594 1458 730 1526; x_wconf 83' lang='lat' dir='ltr'><strong>tJacobi</strong></span> <span class='ocrx_word' id='word_1_59' title='bbox 753 1456 1003 1537; x_wconf 80' lang='lat' dir='ltr'><strong>devoragine)</strong></span> <span class='ocrx_word' id='word_1_60' title='bbox 1027 1460 1214 1522; x_wconf 79' lang='lat' dir='ltr'><strong>Sermones</strong></span> <span class='ocrx_word' id='word_1_61' title='bbox 1239 1460 1556 1540; x_wconf 82' lang='lat' dir='ltr'><strong>quadragesimales</strong></span> <span class='ocrx_word' id='word_1_62' title='bbox 1578 1481 1659 1527; x_wconf 88' lang='lat' dir='ltr'><strong>cum</strong></span> 
     </span>
     <span class='ocr_line' id='line_1_9' title="bbox 251 1545 1658 1626; baseline 0.004 -18"><span class='ocrx_word' id='word_1_63' title='bbox 251 1547 388 1625; x_wconf 83' lang='lat' dir='ltr'><strong>glossis</strong></span> <span class='ocrx_word' id='word_1_64' title='bbox 411 1545 614 1608; x_wconf 85' lang='lat' dir='ltr'><strong>bohemicis.</strong></span> <span class='ocrx_word' id='word_1_65' title='bbox 652 1545 830 1625; x_wconf 82' lang='lat' dir='ltr'><strong>»Quamvis</strong></span> <span class='ocrx_word' id='word_1_66' title='bbox 854 1548 1068 1624; x_wconf 85' lang='lat' dir='ltr'><strong>solempnitas</strong></span> <span class='ocrx_word' id='word_1_67' title='bbox 1091 1547 1404 1626; x_wconf 82' lang='lat' dir='ltr'><strong>quadragesimalis«</strong></span> <span class='ocrx_word' id='word_1_68' title='bbox 1424 1551 1456 1606; x_wconf 88' lang='lat'><strong>&gt;&lt;</strong></span> <span class='ocrx_word' id='word_1_69' title='bbox 1477 1554 1658 1612; x_wconf 86' lang='lat' dir='ltr'><strong>»eiecerunt</strong></span> 
     </span>
     <span class='ocr_line' id='line_1_10' title="bbox 253 1632 571 1695; baseline 0 -1"><span class='ocrx_word' id='word_1_70' title='bbox 253 1641 290 1694; x_wconf 89' lang='lat' dir='ltr'><strong>et</strong></span> <span class='ocrx_word' id='word_1_71' title='bbox 313 1632 571 1695; x_wconf 81' lang='lat' dir='ltr'><strong>crucifixerunt«</strong></span> 
     </span>
    </p>

    <p class='ocr_par' dir='ltr' id='par_1_5' title="bbox 252 1715 1658 1884">
     <span class='ocr_line' id='line_1_11' title="bbox 366 1715 1658 1796; baseline 0.002 -15"><span class='ocrx_word' id='word_1_72' title='bbox 366 1720 387 1781; x_wconf 88' lang='lat' dir='ltr'><strong>l.</strong></span> <span class='ocrx_word' id='word_1_73' title='bbox 415 1715 615 1782; x_wconf 57' lang='lat' dir='ltr'><strong>titi—184¹)</strong></span> <span class='ocrx_word' id='word_1_74' title='bbox 639 1720 828 1782; x_wconf 86' lang='lat' dir='ltr'><strong>Sermones</strong></span> <span class='ocrx_word' id='word_1_75' title='bbox 851 1716 1079 1780; x_wconf 90' lang='lat' dir='ltr'><strong>adventuales</strong></span> <span class='ocrx_word' id='word_1_76' title='bbox 1103 1734 1178 1780; x_wconf 92' lang='lat' dir='ltr'><strong>cum</strong></span> <span class='ocrx_word' id='word_1_77' title='bbox 1194 1721 1316 1796; x_wconf 68' lang='lat' dir='ltr'><strong>glossis</strong></span> <span class='ocrx_word' id='word_1_78' title='bbox 1335 1721 1523 1784; x_wconf 90' lang='lat' dir='ltr'><strong>bohemicis.</strong></span> <span class='ocrx_word' id='word_1_79' title='bbox 1551 1723 1658 1784; x_wconf 84' lang='lat' dir='ltr'><strong>»Hora</strong></span> 
     </span>
     <span class='ocr_line' id='line_1_12' title="bbox 252 1805 1354 1884; baseline 0 -17"><span class='ocrx_word' id='word_1_80' title='bbox 252 1813 310 1867; x_wconf 87' lang='lat' dir='ltr'><strong>est</strong></span> <span class='ocrx_word' id='word_1_81' title='bbox 333 1811 396 1867; x_wconf 92' lang='lat' dir='ltr'><strong>iam</strong></span> <span class='ocrx_word' id='word_1_82' title='bbox 420 1823 483 1868; x_wconf 89' lang='lat' dir='ltr'><strong>nos</strong></span> <span class='ocrx_word' id='word_1_83' title='bbox 507 1807 547 1866; x_wconf 91' lang='lat' dir='ltr'><strong>de</strong></span> <span class='ocrx_word' id='word_1_84' title='bbox 572 1822 713 1884; x_wconf 90' lang='lat' dir='ltr'><strong>sompno</strong></span> <span class='ocrx_word' id='word_1_85' title='bbox 738 1821 888 1882; x_wconf 82' lang='lat' dir='ltr'><strong>surgere«</strong></span> <span class='ocrx_word' id='word_1_86' title='bbox 916 1805 948 1861; x_wconf 91' lang='grc'><strong>&gt;&lt;</strong></span> <span class='ocrx_word' id='word_1_87' title='bbox 975 1810 1162 1883; x_wconf 79' lang='lat' dir='ltr'><strong>»possimus</strong></span> <span class='ocrx_word' id='word_1_88' title='bbox 1186 1823 1354 1884; x_wconf 80' lang='lat' dir='ltr'><strong>regnare«.</strong></span> 
     </span>
    </p>

    <p class='ocr_par' dir='ltr' id='par_1_6' title="bbox 255 1888 1657 2058">
     <span class='ocr_line' id='line_1_13' title="bbox 366 1888 1657 1970; baseline 0.002 -14"><span class='ocrx_word' id='word_1_89' title='bbox 366 1895 386 1956; x_wconf 89' lang='lat' dir='ltr'><strong>i.</strong></span> <span class='ocrx_word' id='word_1_90' title='bbox 414 1888 616 1955; x_wconf 59' lang='lat' dir='ltr'><strong>lgm-2531,</strong></span> <span class='ocrx_word' id='word_1_91' title='bbox 640 1892 828 1955; x_wconf 88' lang='lat' dir='ltr'><strong>Sermones</strong></span> <span class='ocrx_word' id='word_1_92' title='bbox 851 1891 893 1953; x_wconf 92' lang='lat' dir='ltr'><strong>de</strong></span> <span class='ocrx_word' id='word_1_93' title='bbox 917 1891 1049 1952; x_wconf 88' lang='lat' dir='ltr'><strong>sanctis</strong></span> <span class='ocrx_word' id='word_1_94' title='bbox 1073 1908 1152 1954; x_wconf 91' lang='lat' dir='ltr'><strong>curn</strong></span> <span class='ocrx_word' id='word_1_95' title='bbox 1174 1892 1305 1970; x_wconf 83' lang='lat' dir='ltr'><strong>glossis</strong></span> <span class='ocrx_word' id='word_1_96' title='bbox 1339 1894 1541 1957; x_wconf 86' lang='lat' dir='ltr'><strong>bohemicis.</strong></span> <span class='ocrx_word' id='word_1_97' title='bbox 1590 1895 1657 1958; x_wconf 82' lang='lat' dir='ltr'><strong>»De</strong></span> 
     </span>
     <span class='ocr_line' id='line_1_14' title="bbox 255 1977 1398 2058; baseline 0.002 -18"><span class='ocrx_word' id='word_1_98' title='bbox 255 1997 283 2042; x_wconf 83' lang='lat' dir='ltr'><strong>s</strong></span> <span class='ocrx_word' id='word_1_99' title='bbox 310 1979 461 2042; x_wconf 85' lang='lat' dir='ltr'><strong>Barbara.</strong></span> <span class='ocrx_word' id='word_1_100' title='bbox 486 1978 586 2058; x_wconf 89' lang='lat' dir='ltr'><strong>Virgo</strong></span> <span class='ocrx_word' id='word_1_101' title='bbox 609 1983 746 2058; x_wconf 82' lang='lat' dir='ltr'><strong>cogitat«</strong></span> <span class='ocrx_word' id='word_1_102' title='bbox 774 1981 805 2034; x_wconf 88' lang='grc'><strong>&gt;&lt;</strong></span> <span class='ocrx_word' id='word_1_103' title='bbox 834 1995 918 2039; x_wconf 85' lang='lat' dir='ltr'><strong>»non</strong></span> <span class='ocrx_word' id='word_1_104' title='bbox 941 1978 1071 2038; x_wconf 90' lang='lat' dir='ltr'><strong>creditis</strong></span> <span class='ocrx_word' id='word_1_105' title='bbox 1095 1980 1181 2040; x_wconf 91' lang='lat' dir='ltr'><strong>mihi.</strong></span> <span class='ocrx_word' id='word_1_106' title='bbox 1205 1977 1279 2040; x_wconf 92' lang='lat' dir='ltr'><strong>Joh.</strong></span> <span class='ocrx_word' id='word_1_107' title='bbox 1301 1978 1398 2042; x_wconf 78' lang='lat' dir='ltr'><strong>vlit«</strong></span> 
     </span>
    </p>
   </div>
   <div class='ocr_carea' id='block_1_5' title="bbox 252 2086 1656 2764">
    <p class='ocr_par' dir='ltr' id='par_1_7' title="bbox 252 2086 1656 2764">
     <span class='ocr_line' id='line_1_15' title="bbox 365 2086 1651 2160; baseline 0.002 -18"><span class='ocrx_word' id='word_1_108' title='bbox 365 2087 398 2143; x_wconf 90' lang='lat' dir='ltr'><strong>ln</strong></span> <span class='ocrx_word' id='word_1_109' title='bbox 421 2086 472 2145; x_wconf 88' lang='lat' dir='ltr'><strong>lol.</strong></span> <span class='ocrx_word' id='word_1_110' title='bbox 495 2088 658 2158; x_wconf 87' lang='lat' dir='ltr'><strong>praeligato</strong></span> <span class='ocrx_word' id='word_1_111' title='bbox 682 2088 785 2140; x_wconf 88' lang='lat' dir='ltr'><strong>eadem</strong></span> <span class='ocrx_word' id='word_1_112' title='bbox 820 2101 909 2140; x_wconf 84' lang='lat' dir='ltr'><strong>manu</strong></span> <span class='ocrx_word' id='word_1_113' title='bbox 943 2087 1069 2156; x_wconf 84' lang='lat' dir='ltr'><strong>scriptae</strong></span> <span class='ocrx_word' id='word_1_114' title='bbox 1104 2092 1173 2142; x_wconf 85' lang='lat' dir='ltr'><strong>sunt</strong></span> <span class='ocrx_word' id='word_1_115' title='bbox 1206 2087 1370 2157; x_wconf 87' lang='lat' dir='ltr'><strong>petitiones,</strong></span> <span class='ocrx_word' id='word_1_116' title='bbox 1407 2105 1482 2160; x_wconf 86' lang='lat' dir='ltr'><strong>quae</strong></span> <span class='ocrx_word' id='word_1_117' title='bbox 1521 2091 1651 2145; x_wconf 92' lang='lat' dir='ltr'><strong>codicem</strong></span> 
     </span>
     <span class='ocr_line' id='line_1_16' title="bbox 254 2169 1652 2246; baseline 0.003 -17"><span class='ocrx_word' id='word_1_118' title='bbox 254 2176 411 2230; x_wconf 88' lang='lat' dir='ltr'><strong>cuiusdam</strong></span> <span class='ocrx_word' id='word_1_119' title='bbox 435 2173 604 2229; x_wconf 87' lang='lat' dir='ltr'><strong>monasterii</strong></span> <span class='ocrx_word' id='word_1_120' title='bbox 627 2175 656 2227; x_wconf 89' lang='lat' dir='ltr'><strong>in</strong></span> <span class='ocrx_word' id='word_1_121' title='bbox 680 2171 822 2227; x_wconf 88' lang='lat' dir='ltr'><strong>Bohcmia</strong></span> <span class='ocrx_word' id='word_1_122' title='bbox 846 2169 1070 2246; x_wconf 69' lang='lat' dir='ltr'><strong>(Tiebonensis)</strong></span> <span class='ocrx_word' id='word_1_123' title='bbox 1094 2172 1184 2227; x_wconf 85' lang='lat' dir='ltr'><strong>luisse</strong></span> <span class='ocrx_word' id='word_1_124' title='bbox 1208 2176 1324 2228; x_wconf 90' lang='lat' dir='ltr'><strong>docent.</strong></span> <span class='ocrx_word' id='word_1_125' title='bbox 1371 2173 1443 2230; x_wconf 92' lang='lat' dir='ltr'><strong>ltem</strong></span> <span class='ocrx_word' id='word_1_126' title='bbox 1466 2174 1560 2232; x_wconf 82' lang='lat' dir='ltr'><strong>forma</strong></span> <span class='ocrx_word' id='word_1_127' title='bbox 1583 2193 1652 2232; x_wconf 91' lang='lat' dir='ltr'><strong>con·</strong></span> 
     </span>
     <span class='ocr_line' id='line_1_17' title="bbox 254 2251 1654 2330; baseline 0.004 -15"><span class='ocrx_word' id='word_1_128' title='bbox 254 2261 393 2316; x_wconf 80' lang='lat' dir='ltr'><strong>sessionis</strong></span> <span class='ocrx_word' id='word_1_129' title='bbox 416 2260 560 2330; x_wconf 90' lang='lat' dir='ltr'><strong>generalis</strong></span> <span class='ocrx_word' id='word_1_130' title='bbox 584 2260 737 2315; x_wconf 90' lang='lat' dir='ltr'><strong>bohemica</strong></span> <span class='ocrx_word' id='word_1_131' title='bbox 760 2253 904 2330; x_wconf 66' lang='lat' dir='ltr'><strong>(Zpoved</strong></span> <span class='ocrx_word' id='word_1_132' title='bbox 924 2253 1046 2314; x_wconf 73' lang='lat' dir='ltr'><strong>obecna</strong></span> <span class='ocrx_word' id='word_1_133' title='bbox 1068 2251 1188 2328; x_wconf 69' lang='lat' dir='ltr'><strong>desita),</strong></span> <span class='ocrx_word' id='word_1_134' title='bbox 1212 2262 1281 2314; x_wconf 92' lang='lat' dir='ltr'><strong>item</strong></span> <span class='ocrx_word' id='word_1_135' title='bbox 1294 2260 1443 2316; x_wconf 86' lang='lat' dir='ltr'><strong>orationes</strong></span> <span class='ocrx_word' id='word_1_136' title='bbox 1467 2264 1654 2322; x_wconf 87' lang='lat' dir='ltr'><strong>bohemicae:</strong></span> 
     </span>
     <span class='ocr_line' id='line_1_18' title="bbox 252 2337 1656 2421; baseline 0.003 -20"><span class='ocrx_word' id='word_1_137' title='bbox 252 2343 378 2402; x_wconf 69' lang='lat' dir='ltr'><strong>Zdrava</strong></span> <span class='ocrx_word' id='word_1_138' title='bbox 399 2341 559 2403; x_wconf 78' lang='lat' dir='ltr'><strong>krallovno</strong></span> <span class='ocrx_word' id='word_1_139' title='bbox 583 2350 615 2401; x_wconf 88' lang='lat' dir='ltr'><strong>et</strong></span> <span class='ocrx_word' id='word_1_140' title='bbox 637 2341 758 2416; x_wconf 80' lang='lat' dir='ltr'><strong>Zavi&#39;taj</strong></span> <span class='ocrx_word' id='word_1_141' title='bbox 784 2341 880 2414; x_wconf 59' lang='lat' dir='ltr'><strong>svaty</strong></span> <span class='ocrx_word' id='word_1_142' title='bbox 904 2337 992 2402; x_wconf 71' lang='lat' dir='ltr'><strong>duse.</strong></span> <span class='ocrx_word' id='word_1_143' title='bbox 1016 2343 1170 2416; x_wconf 90' lang='lat' dir='ltr'><strong>Operculis</strong></span> <span class='ocrx_word' id='word_1_144' title='bbox 1194 2345 1393 2414; x_wconf 88' lang='lat' dir='ltr'><strong>adglutinatae</strong></span> <span class='ocrx_word' id='word_1_145' title='bbox 1418 2356 1486 2403; x_wconf 90' lang='lat' dir='ltr'><strong>sunt</strong></span> <span class='ocrx_word' id='word_1_146' title='bbox 1509 2347 1656 2421; x_wconf 81' lang='lat' dir='ltr'><strong>Quatuor</strong></span> 
     </span>
     <span class='ocr_line' id='line_1_19' title="bbox 253 2431 1655 2504; baseline 0.001 -14"><span class='ocrx_word' id='word_1_147' title='bbox 253 2435 364 2490; x_wconf 90' lang='lat' dir='ltr'><strong>icones</strong></span> <span class='ocrx_word' id='word_1_148' title='bbox 387 2433 453 2488; x_wconf 79' lang='lat' dir='ltr'><strong>aeri</strong></span> <span class='ocrx_word' id='word_1_149' title='bbox 476 2439 543 2488; x_wconf 85' lang='lat' dir='ltr'><strong>arte</strong></span> <span class='ocrx_word' id='word_1_150' title='bbox 568 2433 702 2503; x_wconf 89' lang='lat' dir='ltr'><strong>puuctili</strong></span> <span class='ocrx_word' id='word_1_151' title='bbox 726 2432 848 2488; x_wconf 87' lang='lat' dir='ltr'><strong>incisae</strong></span> <span class='ocrx_word' id='word_1_152' title='bbox 872 2431 1116 2501; x_wconf 85' lang='lat' dir='ltr'><strong>(Schrotbllder)</strong></span> <span class='ocrx_word' id='word_1_153' title='bbox 1139 2435 1171 2486; x_wconf 86' lang='lat' dir='ltr'><strong>et</strong></span> <span class='ocrx_word' id='word_1_154' title='bbox 1194 2433 1355 2488; x_wconf 82' lang='lat' dir='ltr'><strong>coloratae</strong></span> <span class='ocrx_word' id='word_1_155' title='bbox 1378 2441 1655 2504; x_wconf 78' lang='lat' dir='ltr'><strong>repraesentantes</strong></span> 
     </span>
     <span class='ocr_line' id='line_1_20' title="bbox 257 2517 1654 2594; baseline 0.001 -18"><span class='ocrx_word' id='word_1_156' title='bbox 257 2520 288 2593; x_wconf 88' lang='lat'><strong>1)</strong></span> <span class='ocrx_word' id='word_1_157' title='bbox 313 2519 445 2578; x_wconf 85' lang='lat' dir='ltr'><strong>Mariam</strong></span> <span class='ocrx_word' id='word_1_158' title='bbox 468 2519 617 2576; x_wconf 77' lang='lat' dir='ltr'><strong>desulum</strong></span> <span class='ocrx_word' id='word_1_159' title='bbox 640 2519 789 2574; x_wconf 86' lang='lat' dir='ltr'><strong>manibus</strong></span> <span class='ocrx_word' id='word_1_160' title='bbox 812 2521 986 2588; x_wconf 85' lang='lat' dir='ltr'><strong>tenentem,</strong></span> <span class='ocrx_word' id='word_1_161' title='bbox 1019 2517 1052 2591; x_wconf 86' lang='lat'><strong>2)</strong></span> <span class='ocrx_word' id='word_1_162' title='bbox 1083 2518 1250 2574; x_wconf 78' lang='lat' dir='ltr'><strong>sudarium</strong></span> <span class='ocrx_word' id='word_1_163' title='bbox 1273 2533 1298 2572; x_wconf 91' lang='lat' dir='ltr'><strong>s.</strong></span> <span class='ocrx_word' id='word_1_164' title='bbox 1337 2517 1524 2591; x_wconf 82' lang='lat' dir='ltr'><strong>veronicae,</strong></span> <span class='ocrx_word' id='word_1_165' title='bbox 1560 2521 1594 2594; x_wconf 87' lang='grc'><strong>3)</strong></span> <span class='ocrx_word' id='word_1_166' title='bbox 1628 2538 1654 2578; x_wconf 86' lang='lat' dir='ltr'><strong>s.</strong></span> 
     </span>
     <span class='ocr_line' id='line_1_21' title="bbox 252 2601 1652 2680; baseline 0.001 -16"><span class='ocrx_word' id='word_1_167' title='bbox 252 2605 533 2678; x_wconf 72' lang='lat' dir='ltr'><strong>christophorum,</strong></span> <span class='ocrx_word' id='word_1_168' title='bbox 556 2605 590 2676; x_wconf 86' lang='grc'><strong>4)</strong></span> <span class='ocrx_word' id='word_1_169' title='bbox 614 2621 638 2662; x_wconf 89' lang='lat' dir='ltr'><strong>s.</strong></span> <span class='ocrx_word' id='word_1_170' title='bbox 663 2603 929 2661; x_wconf 86' lang='lat' dir='ltr'><strong>Bernhardinum.</strong></span> <span class='ocrx_word' id='word_1_171' title='bbox 953 2601 1045 2680; x_wconf 88' lang='lat' dir='ltr'><strong>(saec.</strong></span> <span class='ocrx_word' id='word_1_172' title='bbox 1069 2603 1148 2676; x_wconf 85' lang='lat' dir='ltr'>XV).</span> <span class='ocrx_word' id='word_1_173' title='bbox 1183 2606 1218 2662; x_wconf 89' lang='lat' dir='ltr'><strong>A.</strong></span> <span class='ocrx_word' id='word_1_174' title='bbox 1258 2605 1338 2661; x_wconf 82' lang='lat'>1609</span> <span class='ocrx_word' id='word_1_175' title='bbox 1374 2608 1468 2662; x_wconf 90' lang='lat' dir='ltr'><strong>codex</strong></span> <span class='ocrx_word' id='word_1_176' title='bbox 1499 2615 1559 2664; x_wconf 89' lang='lat' dir='ltr'><strong>erat</strong></span> <span class='ocrx_word' id='word_1_177' title='bbox 1583 2609 1652 2666; x_wconf 91' lang='lat' dir='ltr'><strong>bibl.</strong></span> 
     </span>
     <span class='ocr_line' id='line_1_22' title="bbox 253 2690 1006 2764; baseline -0.003 -14"><span class='ocrx_word' id='word_1_178' title='bbox 253 2695 495 2764; x_wconf 83' lang='lat' dir='ltr'><strong>Rosenbergicae,</strong></span> <span class='ocrx_word' id='word_1_179' title='bbox 519 2694 624 2750; x_wconf 91' lang='lat' dir='ltr'><strong>deinde</strong></span> <span class='ocrx_word' id='word_1_180' title='bbox 648 2699 775 2750; x_wconf 85' lang='lat' dir='ltr'><strong>monast.</strong></span> <span class='ocrx_word' id='word_1_181' title='bbox 798 2690 1006 2748; x_wconf 82' lang='lat' dir='ltr'><strong>Tiebonensis.</strong></span> 
     </span>
    </p>
   </div>
   <div class='ocr_carea' id='block_1_6' title="bbox 359 2893 1075 2976">
    <p class='ocr_par' dir='ltr' id='par_1_8' title="bbox 359 2893 1075 2976">
     <span class='ocr_line' id='line_1_23' title="bbox 359 2893 1075 2976; baseline -0.01 -2"><span class='ocrx_word' id='word_1_182' title='bbox 359 2895 459 2976; x_wconf 73' lang='lat' dir='ltr'><strong>lma</strong></span> <span class='ocrx_word' id='word_1_183' title='bbox 880 2893 1075 2970; x_wconf 62' lang='grc' dir='ltr'><strong>ΗΕΖ</strong></span> 
     </span>
    </p>
   </div>
   <div class='ocr_carea' id='block_1_7' title="bbox 247 3050 1533 3133">
    <p class='ocr_par' dir='ltr' id='par_1_9' title="bbox 247 3050 1533 3133">
     <span class='ocr_line' id='line_1_24' title="bbox 247 3050 1533 3133; baseline -0.001 -17"><span class='ocrx_word' id='word_1_184' title='bbox 247 3054 359 3116; x_wconf 83' lang='lat' dir='ltr'><strong>chari.</strong></span> <span class='ocrx_word' id='word_1_185' title='bbox 383 3053 475 3114; x_wconf 83' lang='lat' dir='ltr'><strong>misc.</strong></span> <span class='ocrx_word' id='word_1_186' title='bbox 497 3070 585 3116; x_wconf 82' lang='lat' dir='ltr'><strong>saec.</strong></span> <span class='ocrx_word' id='word_1_187' title='bbox 609 3050 678 3113; x_wconf 86' lang='lat' dir='ltr'><strong>XV</strong></span> <span class='ocrx_word' id='word_1_188' title='bbox 696 3051 805 3131; x_wconf 73' lang='lat'><strong><em>(1425,</em></strong></span> <span class='ocrx_word' id='word_1_189' title='bbox 828 3051 947 3114; x_wconf 84' lang='grc'><strong>1446-</strong></span> <span class='ocrx_word' id='word_1_190' title='bbox 957 3051 1014 3130; x_wconf 82' lang='lat'><strong>48)</strong></span> <span class='ocrx_word' id='word_1_191' title='bbox 1025 3051 1070 3133; x_wconf 91' lang='lat' dir='ltr'><strong>ff.</strong></span> <span class='ocrx_word' id='word_1_192' title='bbox 1094 3050 1169 3127; x_wconf 84' lang='lat'><strong><em>175,</em></strong></span> <span class='ocrx_word' id='word_1_193' title='bbox 1192 3051 1232 3112; x_wconf 83' lang='lat'><strong>21</strong></span> <span class='ocrx_word' id='word_1_194' title='bbox 1248 3052 1337 3113; x_wconf 84' lang='lat'><em>&gt;&lt;15</em></span> <span class='ocrx_word' id='word_1_195' title='bbox 1358 3070 1419 3112; x_wconf 86' lang='lat' dir='ltr'><strong>cm.</strong></span> <span class='ocrx_word' id='word_1_196' title='bbox 1444 3052 1466 3115; x_wconf 87' lang='lat'>2</span> <span class='ocrx_word' id='word_1_197' title='bbox 1489 3071 1533 3115; x_wconf 89' lang='lat' dir='ltr'><strong>m.</strong></span> 
     </span>
    </p>
   </div>
   <div class='ocr_carea' id='block_1_8' title="bbox 250 3190 1652 3687">
    <p class='ocr_par' dir='ltr' id='par_1_10' title="bbox 250 3190 1652 3687">
     <span class='ocr_line' id='line_1_25' title="bbox 362 3190 1652 3268; baseline 0.003 -17"><span class='ocrx_word' id='word_1_198' title='bbox 362 3191 383 3252; x_wconf 92' lang='lat' dir='ltr'><strong>l.</strong></span> <span class='ocrx_word' id='word_1_199' title='bbox 414 3190 1255 3254; x_wconf 70' lang='lat' dir='ltr'><strong>12-52·iohannisaesaeroboseo&#39;lraetatus</strong></span> <span class='ocrx_word' id='word_1_200' title='bbox 1286 3191 1329 3252; x_wconf 93' lang='lat' dir='ltr'><strong>de</strong></span> <span class='ocrx_word' id='word_1_201' title='bbox 1362 3195 1511 3268; x_wconf 88' lang='lat' dir='ltr'><strong>sphaera</strong></span> <span class='ocrx_word' id='word_1_202' title='bbox 1546 3199 1652 3255; x_wconf 90' lang='lat' dir='ltr'><strong>mate·</strong></span> 
     </span>
     <span class='ocr_line' id='line_1_26' title="bbox 253 3277 1650 3356; baseline 0.003 -18"><span class='ocrx_word' id='word_1_203' title='bbox 253 3279 328 3339; x_wconf 90' lang='lat' dir='ltr'><strong>riali</strong></span> <span class='ocrx_word' id='word_1_204' title='bbox 352 3295 431 3340; x_wconf 91' lang='lat' dir='ltr'><strong>cum</strong></span> <span class='ocrx_word' id='word_1_205' title='bbox 454 3278 715 3341; x_wconf 90' lang='lat' dir='ltr'><strong>commentario.</strong></span> <span class='ocrx_word' id='word_1_206' title='bbox 743 3277 883 3356; x_wconf 84' lang='lat' dir='ltr'><strong>»Magna</strong></span> <span class='ocrx_word' id='word_1_207' title='bbox 906 3285 957 3339; x_wconf 91' lang='lat' dir='ltr'><strong>est</strong></span> <span class='ocrx_word' id='word_1_208' title='bbox 980 3283 1145 3356; x_wconf 89' lang='lat' dir='ltr'><strong>sapiencie</strong></span> <span class='ocrx_word' id='word_1_209' title='bbox 1170 3277 1340 3338; x_wconf 83' lang='lat' dir='ltr'><strong>divinitas«</strong></span> <span class='ocrx_word' id='word_1_210' title='bbox 1370 3285 1398 3332; x_wconf 89' lang='lat'><strong>&gt;&lt;</strong></span> <span class='ocrx_word' id='word_1_211' title='bbox 1427 3281 1560 3341; x_wconf 79' lang='lat' dir='ltr'><strong>»mundi</strong></span> <span class='ocrx_word' id='word_1_212' title='bbox 1584 3299 1650 3342; x_wconf 88' lang='lat' dir='ltr'><strong>ma-</strong></span> 
     </span>
     <span class='ocr_line' id='line_1_27' title="bbox 251 3364 1650 3443; baseline 0.003 -18"><span class='ocrx_word' id='word_1_213' title='bbox 251 3366 348 3426; x_wconf 86' lang='lat' dir='ltr'><strong>china</strong></span> <span class='ocrx_word' id='word_1_214' title='bbox 371 3365 576 3426; x_wconf 89' lang='lat' dir='ltr'><strong>dissolvetur.</strong></span> <span class='ocrx_word' id='word_1_215' title='bbox 601 3365 694 3443; x_wconf 84' lang='lat' dir='ltr'><strong>Expl.</strong></span> <span class='ocrx_word' id='word_1_216' title='bbox 719 3371 808 3427; x_wconf 90' lang='lat' dir='ltr'><strong>tract.</strong></span> <span class='ocrx_word' id='word_1_217' title='bbox 834 3383 929 3443; x_wconf 88' lang='lat' dir='ltr'><strong>spere</strong></span> <span class='ocrx_word' id='word_1_218' title='bbox 955 3367 1130 3425; x_wconf 87' lang='lat' dir='ltr'><strong>materialis</strong></span> <span class='ocrx_word' id='word_1_219' title='bbox 1153 3364 1265 3425; x_wconf 86' lang='lat' dir='ltr'><strong>finitus</strong></span> <span class='ocrx_word' id='word_1_220' title='bbox 1300 3381 1357 3442; x_wconf 88' lang='lat' dir='ltr'><strong>per</strong></span> <span class='ocrx_word' id='word_1_221' title='bbox 1385 3365 1585 3429; x_wconf 85' lang='lat' dir='ltr'><strong>Johannem</strong></span> <span class='ocrx_word' id='word_1_222' title='bbox 1610 3372 1650 3429; x_wconf 92' lang='lat' dir='ltr'><strong>de</strong></span> 
     </span>
     <span class='ocr_line' id='line_1_28' title="bbox 252 3451 1649 3531; baseline 0.001 -17"><span class='ocrx_word' id='word_1_223' title='bbox 252 3451 361 3514; x_wconf 89' lang='lat' dir='ltr'><strong>Nowe</strong></span> <span class='ocrx_word' id='word_1_224' title='bbox 385 3452 523 3531; x_wconf 86' lang='lat' dir='ltr'><strong>Myasto</strong></span> <span class='ocrx_word' id='word_1_225' title='bbox 547 3451 602 3512; x_wconf 86' lang='lat' dir='ltr'><strong>ier.</strong></span> <span class='ocrx_word' id='word_1_226' title='bbox 627 3451 665 3514; x_wconf 95' lang='lat' dir='ltr'><strong>lll</strong></span> <span class='ocrx_word' id='word_1_227' title='bbox 689 3459 764 3530; x_wconf 89' lang='lat' dir='ltr'><strong>post</strong></span> <span class='ocrx_word' id='word_1_228' title='bbox 787 3453 885 3512; x_wconf 87' lang='lat' dir='ltr'><strong>letare</strong></span> <span class='ocrx_word' id='word_1_229' title='bbox 909 3457 995 3512; x_wconf 88' lang='lat' dir='ltr'><strong>circa</strong></span> <span class='ocrx_word' id='word_1_230' title='bbox 1017 3454 1137 3512; x_wconf 86' lang='lat' dir='ltr'><strong>almam</strong></span> <span class='ocrx_word' id='word_1_231' title='bbox 1173 3455 1418 3513; x_wconf 88' lang='lat' dir='ltr'><strong>universitatem</strong></span> <span class='ocrx_word' id='word_1_232' title='bbox 1455 3451 1649 3515; x_wconf 86' lang='lat' dir='ltr'><strong>Cracovien-</strong></span> 
     </span>
     <span class='ocr_line' id='line_1_29' title="bbox 253 3535 1650 3618; baseline 0.002 -19"><span class='ocrx_word' id='word_1_233' title='bbox 253 3555 323 3599; x_wconf 90' lang='lat' dir='ltr'><strong>sem</strong></span> <span class='ocrx_word' id='word_1_234' title='bbox 347 3543 379 3599; x_wconf 91' lang='lat' dir='ltr'><strong>in</strong></span> <span class='ocrx_word' id='word_1_235' title='bbox 403 3540 502 3599; x_wconf 91' lang='lat' dir='ltr'><strong>domo</strong></span> <span class='ocrx_word' id='word_1_236' title='bbox 527 3543 640 3616; x_wconf 90' lang='lat' dir='ltr'><strong>prioris</strong></span> <span class='ocrx_word' id='word_1_237' title='bbox 664 3555 844 3618; x_wconf 90' lang='lat' dir='ltr'><strong>pauperum</strong></span> <span class='ocrx_word' id='word_1_238' title='bbox 869 3539 966 3600; x_wconf 91' lang='lat' dir='ltr'><strong>burse</strong></span> <span class='ocrx_word' id='word_1_239' title='bbox 989 3557 1019 3599; x_wconf 86' lang='lat' dir='ltr'><strong>a.</strong></span> <span class='ocrx_word' id='word_1_240' title='bbox 1037 3538 1068 3598; x_wconf 94' lang='lat' dir='ltr'><strong>d.</strong></span> <span class='ocrx_word' id='word_1_241' title='bbox 1088 3535 1199 3598; x_wconf 82' lang='lat'>1425.‹</span> <span class='ocrx_word' id='word_1_242' title='bbox 1220 3536 1372 3616; x_wconf 90' lang='lat' dir='ltr'><strong>Sequens</strong></span> <span class='ocrx_word' id='word_1_243' title='bbox 1390 3541 1555 3618; x_wconf 87' lang='lat' dir='ltr'><strong>quaedam</strong></span> <span class='ocrx_word' id='word_1_244' title='bbox 1572 3548 1650 3602; x_wconf 89' lang='lat' dir='ltr'><strong>nota</strong></span> 
     </span>
     <span class='ocr_line' id='line_1_30' title="bbox 250 3627 570 3687; baseline -0.003 -1"><span class='ocrx_word' id='word_1_245' title='bbox 250 3627 352 3686; x_wconf 90' lang='lat' dir='ltr'><strong>cultro</strong></span> <span class='ocrx_word' id='word_1_246' title='bbox 376 3630 489 3687; x_wconf 86' lang='lat' dir='ltr'><strong>excisa</strong></span> <span class='ocrx_word' id='word_1_247' title='bbox 510 3632 570 3686; x_wconf 88' lang='lat' dir='ltr'><strong>est.</strong></span> 
     </span>
    </p>
   </div>
   <div class='ocr_carea' id='block_1_9' title="bbox 248 3724 1649 4240">
    <p class='ocr_par' dir='ltr' id='par_1_11' title="bbox 248 3724 1649 4240">
     <span class='ocr_line' id='line_1_31' title="bbox 359 3724 1649 3794; baseline 0.004 -6"><span class='ocrx_word' id='word_1_248' title='bbox 359 3727 380 3789; x_wconf 87' lang='lat' dir='ltr'><strong>i.</strong></span> <span class='ocrx_word' id='word_1_249' title='bbox 404 3724 564 3790; x_wconf 77' lang='lat' dir='ltr'><strong>53⁸-98b</strong></span> <span class='ocrx_word' id='word_1_250' title='bbox 599 3728 701 3790; x_wconf 91' lang='lat' dir='ltr'><strong>Liber</strong></span> <span class='ocrx_word' id='word_1_251' title='bbox 734 3730 776 3789; x_wconf 93' lang='lat' dir='ltr'><strong>de</strong></span> <span class='ocrx_word' id='word_1_252' title='bbox 811 3727 993 3789; x_wconf 87' lang='lat' dir='ltr'><strong>altitudine</strong></span> <span class='ocrx_word' id='word_1_253' title='bbox 1027 3727 1147 3788; x_wconf 87' lang='lat' dir='ltr'><strong>mundi</strong></span> <span class='ocrx_word' id='word_1_254' title='bbox 1180 3728 1397 3790; x_wconf 92' lang='lat' dir='ltr'><strong>recollectus.</strong></span> <span class='ocrx_word' id='word_1_255' title='bbox 1447 3731 1649 3794; x_wconf 86' lang='lat' dir='ltr'><strong>›Avicebron</strong></span> 
     </span>
     <span class='ocr_line' id='line_1_32' title="bbox 250 3815 1648 3878; baseline 0.001 -2"><span class='ocrx_word' id='word_1_256' title='bbox 250 3816 330 3877; x_wconf 90' lang='lat' dir='ltr'><strong>libro</strong></span> <span class='ocrx_word' id='word_1_257' title='bbox 364 3815 463 3876; x_wconf 82' lang='lat' dir='ltr'><strong>sontis</strong></span> <span class='ocrx_word' id='word_1_258' title='bbox 498 3821 579 3876; x_wconf 90' lang='lat' dir='ltr'><strong>vite:</strong></span> <span class='ocrx_word' id='word_1_259' title='bbox 616 3816 649 3876; x_wconf 94' lang='lat' dir='ltr'><strong>ln</strong></span> <span class='ocrx_word' id='word_1_260' title='bbox 684 3816 792 3875; x_wconf 89' lang='lat' dir='ltr'><strong>alciori</strong></span> <span class='ocrx_word' id='word_1_261' title='bbox 826 3819 1003 3875; x_wconf 89' lang='lat' dir='ltr'><strong>intersticio</strong></span> <span class='ocrx_word' id='word_1_262' title='bbox 1034 3819 1138 3874; x_wconf 81' lang='lat' dir='ltr'><strong>acris«</strong></span> <span class='ocrx_word' id='word_1_263' title='bbox 1165 3817 1197 3872; x_wconf 87' lang='grc'><strong>&gt;&lt;</strong></span> <span class='ocrx_word' id='word_1_264' title='bbox 1225 3815 1284 3876; x_wconf 89' lang='lat' dir='ltr'><strong>»Et</strong></span> <span class='ocrx_word' id='word_1_265' title='bbox 1307 3819 1355 3876; x_wconf 85' lang='lat' dir='ltr'><strong>sic</strong></span> <span class='ocrx_word' id='word_1_266' title='bbox 1379 3821 1429 3876; x_wconf 86' lang='lat' dir='ltr'><strong>est</strong></span> <span class='ocrx_word' id='word_1_267' title='bbox 1453 3817 1526 3878; x_wconf 85' lang='lat' dir='ltr'><strong>finis</strong></span> <span class='ocrx_word' id='word_1_268' title='bbox 1551 3818 1648 3878; x_wconf 88' lang='lat' dir='ltr'><strong>huius</strong></span> 
     </span>
     <span class='ocr_line' id='line_1_33' title="bbox 249 3903 1648 3980; baseline 0.003 -18"><span class='ocrx_word' id='word_1_269' title='bbox 249 3907 391 3975; x_wconf 86' lang='lat' dir='ltr'><strong>materie,</strong></span> <span class='ocrx_word' id='word_1_270' title='bbox 415 3919 478 3980; x_wconf 91' lang='lat' dir='ltr'><strong>que</strong></span> <span class='ocrx_word' id='word_1_271' title='bbox 502 3903 633 3980; x_wconf 90' lang='lat' dir='ltr'><strong>quidem</strong></span> <span class='ocrx_word' id='word_1_272' title='bbox 658 3905 791 3962; x_wconf 89' lang='lat' dir='ltr'><strong>materia</strong></span> <span class='ocrx_word' id='word_1_273' title='bbox 815 3906 936 3979; x_wconf 83' lang='lat' dir='ltr'><strong>scripta</strong></span> <span class='ocrx_word' id='word_1_274' title='bbox 958 3917 997 3962; x_wconf 87' lang='lat' dir='ltr'><strong>ac</strong></span> <span class='ocrx_word' id='word_1_275' title='bbox 1020 3903 1156 3962; x_wconf 87' lang='lat' dir='ltr'><strong>collecta</strong></span> <span class='ocrx_word' id='word_1_276' title='bbox 1179 3908 1230 3962; x_wconf 88' lang='lat' dir='ltr'><strong>est</strong></span> <span class='ocrx_word' id='word_1_277' title='bbox 1254 3919 1309 3980; x_wconf 88' lang='lat' dir='ltr'><strong>per</strong></span> <span class='ocrx_word' id='word_1_278' title='bbox 1333 3919 1384 3962; x_wconf 91' lang='lat' dir='ltr'><strong>me</strong></span> <span class='ocrx_word' id='word_1_279' title='bbox 1407 3903 1583 3965; x_wconf 82' lang='lat' dir='ltr'><strong>Andream</strong></span> <span class='ocrx_word' id='word_1_280' title='bbox 1606 3905 1648 3967; x_wconf 92' lang='lat' dir='ltr'><strong>de</strong></span> 
     </span>
     <span class='ocr_line' id='line_1_34' title="bbox 249 3987 1648 4067; baseline 0.001 -17"><span class='ocrx_word' id='word_1_281' title='bbox 249 3988 382 4050; x_wconf 90' lang='lat' dir='ltr'><strong>Costen</strong></span> <span class='ocrx_word' id='word_1_282' title='bbox 417 3991 538 4050; x_wconf 88' lang='lat' dir='ltr'><strong>baccal.</strong></span> <span class='ocrx_word' id='word_1_283' title='bbox 585 3987 840 4051; x_wconf 89' lang='lat' dir='ltr'><strong>Cracoviensem</strong></span> <span class='ocrx_word' id='word_1_284' title='bbox 875 3993 907 4049; x_wconf 93' lang='lat' dir='ltr'><strong>in</strong></span> <span class='ocrx_word' id='word_1_285' title='bbox 942 3988 1058 4048; x_wconf 89' lang='lat' dir='ltr'><strong>eodem</strong></span> <span class='ocrx_word' id='word_1_286' title='bbox 1092 3988 1200 4048; x_wconf 87' lang='lat' dir='ltr'><strong>studio</strong></span> <span class='ocrx_word' id='word_1_287' title='bbox 1224 3992 1255 4048; x_wconf 90' lang='lat' dir='ltr'><strong>in</strong></span> <span class='ocrx_word' id='word_1_288' title='bbox 1279 3990 1379 4049; x_wconf 89' lang='lat' dir='ltr'><strong>bursa</strong></span> <span class='ocrx_word' id='word_1_289' title='bbox 1404 4007 1582 4067; x_wconf 87' lang='lat' dir='ltr'><strong>pauperum</strong></span> <span class='ocrx_word' id='word_1_290' title='bbox 1607 4009 1648 4052; x_wconf 83' lang='lat' dir='ltr'><strong>ex</strong></span> 
     </span>
     <span class='ocr_line' id='line_1_35' title="bbox 249 4074 1647 4154; baseline 0.002 -19"><span class='ocrx_word' id='word_1_291' title='bbox 249 4077 392 4154; x_wconf 87' lang='lat' dir='ltr'><strong>quodam</strong></span> <span class='ocrx_word' id='word_1_292' title='bbox 417 4077 507 4142; x_wconf 85' lang='lat' dir='ltr'><strong>libro,</strong></span> <span class='ocrx_word' id='word_1_293' title='bbox 530 4079 586 4153; x_wconf 89' lang='lat' dir='ltr'><strong>qui</strong></span> <span class='ocrx_word' id='word_1_294' title='bbox 609 4079 786 4137; x_wconf 89' lang='lat' dir='ltr'><strong>intitulatur</strong></span> <span class='ocrx_word' id='word_1_295' title='bbox 819 4075 872 4138; x_wconf 88' lang='lat' dir='ltr'><strong>lib.</strong></span> <span class='ocrx_word' id='word_1_296' title='bbox 910 4074 950 4134; x_wconf 92' lang='lat' dir='ltr'><strong>de</strong></span> <span class='ocrx_word' id='word_1_297' title='bbox 985 4077 1037 4136; x_wconf 83' lang='lat' dir='ltr'><strong>alt.</strong></span> <span class='ocrx_word' id='word_1_298' title='bbox 1070 4092 1113 4136; x_wconf 94' lang='lat' dir='ltr'><strong>m.</strong></span> <span class='ocrx_word' id='word_1_299' title='bbox 1138 4076 1342 4136; x_wconf 90' lang='lat' dir='ltr'><strong>obmittendo</strong></span> <span class='ocrx_word' id='word_1_300' title='bbox 1366 4077 1485 4137; x_wconf 89' lang='lat' dir='ltr'><strong>ibidem</strong></span> <span class='ocrx_word' id='word_1_301' title='bbox 1511 4094 1647 4138; x_wconf 88' lang='lat' dir='ltr'><strong>sensum</strong></span> 
     </span>
     <span class='ocr_line' id='line_1_36' title="bbox 248 4160 941 4240; baseline -0.003 -17"><span class='ocrx_word' id='word_1_302' title='bbox 248 4167 411 4223; x_wconf 89' lang='lat' dir='ltr'><strong>misticum</strong></span> <span class='ocrx_word' id='word_1_303' title='bbox 437 4168 506 4222; x_wconf 91' lang='lat' dir='ltr'><strong>sive</strong></span> <span class='ocrx_word' id='word_1_304' title='bbox 531 4165 749 4240; x_wconf 88' lang='lat' dir='ltr'><strong>theologicum</strong></span> <span class='ocrx_word' id='word_1_305' title='bbox 773 4179 803 4222; x_wconf 85' lang='lat' dir='ltr'><strong>a.</strong></span> <span class='ocrx_word' id='word_1_306' title='bbox 831 4160 941 4222; x_wconf 70' lang='lat' dir='ltr'><strong>itta·</strong></span> 
     </span>
    </p>
   </div>
   <div class='ocr_carea' id='block_1_10' title="bbox 247 4263 1646 4415">
    <p class='ocr_par' dir='ltr' id='par_1_12' title="bbox 247 4263 1646 4415">
     <span class='ocr_line' id='line_1_37' title="bbox 356 4263 1646 4345; baseline 0.002 -19"><span class='ocrx_word' id='word_1_307' title='bbox 356 4266 376 4327; x_wconf 85' lang='lat' dir='ltr'><strong>i.</strong></span> <span class='ocrx_word' id='word_1_308' title='bbox 401 4263 585 4328; x_wconf 73' lang='lat' dir='ltr'><strong>98b-100b</strong></span> <span class='ocrx_word' id='word_1_309' title='bbox 610 4266 900 4327; x_wconf 85' lang='lat' dir='ltr'><strong>Recommendatio</strong></span> <span class='ocrx_word' id='word_1_310' title='bbox 935 4269 1050 4326; x_wconf 89' lang='lat' dir='ltr'><strong>artium</strong></span> <span class='ocrx_word' id='word_1_311' title='bbox 1076 4266 1253 4325; x_wconf 88' lang='lat' dir='ltr'><strong>liberalium</strong></span> <span class='ocrx_word' id='word_1_312' title='bbox 1285 4271 1317 4326; x_wconf 90' lang='lat' dir='ltr'><strong>et</strong></span> <span class='ocrx_word' id='word_1_313' title='bbox 1341 4268 1522 4345; x_wconf 87' lang='lat' dir='ltr'><strong>specialiter</strong></span> <span class='ocrx_word' id='word_1_314' title='bbox 1544 4275 1646 4328; x_wconf 88' lang='lat' dir='ltr'><strong>astro-</strong></span> 
     </span>
     <span class='ocr_line' id='line_1_38' title="bbox 247 4371 386 4415; baseline 0 -1"><span class='ocrx_word' id='word_1_315' title='bbox 247 4371 386 4415; x_wconf 81' lang='lat' dir='ltr'><strong>nomiae.</strong></span> 
     </span>
    </p>
   </div>
   <div class='ocr_carea' id='block_1_11' title="bbox 245 4455 1645 4709">
    <p class='ocr_par' dir='ltr' id='par_1_13' title="bbox 245 4455 1645 4709">
     <span class='ocr_line' id='line_1_39' title="bbox 354 4455 1645 4534; baseline -0.002 -17"><span class='ocrx_word' id='word_1_316' title='bbox 354 4457 373 4517; x_wconf 88' lang='lat' dir='ltr'><strong>i.</strong></span> <span class='ocrx_word' id='word_1_317' title='bbox 401 4456 602 4518; x_wconf 54' lang='grc' dir='ltr'><strong>1014--1024ι</strong></span> <span class='ocrx_word' id='word_1_318' title='bbox 627 4457 684 4518; x_wconf 88' lang='lat' dir='ltr'><strong>Ali</strong></span> <span class='ocrx_word' id='word_1_319' title='bbox 707 4455 758 4518; x_wconf 88' lang='lat' dir='ltr'><strong>De</strong></span> <span class='ocrx_word' id='word_1_320' title='bbox 781 4455 1013 4533; x_wconf 90' lang='lat' dir='ltr'><strong>dispositione</strong></span> <span class='ocrx_word' id='word_1_321' title='bbox 1036 4456 1137 4518; x_wconf 68' lang='lat' dir='ltr'><strong>airis,</strong></span> <span class='ocrx_word' id='word_1_322' title='bbox 1186 4457 1255 4516; x_wconf 82' lang='lat' dir='ltr'><strong>»Ad</strong></span> <span class='ocrx_word' id='word_1_323' title='bbox 1280 4457 1586 4534; x_wconf 80' lang='lat' dir='ltr'><strong>prenosticandam«</strong></span> <span class='ocrx_word' id='word_1_324' title='bbox 1614 4461 1645 4514; x_wconf 96' lang='grc'><strong>&gt;&lt;</strong></span> 
     </span>
     <span class='ocr_line' id='line_1_40' title="bbox 249 4542 1645 4623; baseline 0.001 -19"><span class='ocrx_word' id='word_1_325' title='bbox 249 4543 360 4622; x_wconf 83' lang='lat' dir='ltr'><strong>»Expi</strong></span> <span class='ocrx_word' id='word_1_326' title='bbox 385 4546 462 4604; x_wconf 90' lang='lat' dir='ltr'><strong>liber</strong></span> <span class='ocrx_word' id='word_1_327' title='bbox 485 4543 569 4623; x_wconf 79' lang='lat' dir='ltr'><strong>Haly</strong></span> <span class='ocrx_word' id='word_1_328' title='bbox 594 4545 634 4604; x_wconf 90' lang='lat' dir='ltr'><strong>de</strong></span> <span class='ocrx_word' id='word_1_329' title='bbox 658 4545 688 4604; x_wconf 90' lang='lat' dir='ltr'><strong>d.</strong></span> <span class='ocrx_word' id='word_1_330' title='bbox 713 4562 741 4605; x_wconf 88' lang='lat' dir='ltr'><strong>a.</strong></span> <span class='ocrx_word' id='word_1_331' title='bbox 767 4545 878 4605; x_wconf 84' lang='lat' dir='ltr'><strong>finitus</strong></span> <span class='ocrx_word' id='word_1_332' title='bbox 904 4560 960 4621; x_wconf 89' lang='lat' dir='ltr'><strong>per</strong></span> <span class='ocrx_word' id='word_1_333' title='bbox 982 4543 1157 4604; x_wconf 84' lang='lat' dir='ltr'><strong>Andream</strong></span> <span class='ocrx_word' id='word_1_334' title='bbox 1174 4545 1215 4604; x_wconf 91' lang='lat' dir='ltr'><strong>de</strong></span> <span class='ocrx_word' id='word_1_335' title='bbox 1232 4542 1365 4605; x_wconf 91' lang='lat' dir='ltr'><strong>Costan</strong></span> <span class='ocrx_word' id='word_1_336' title='bbox 1382 4548 1504 4604; x_wconf 88' lang='lat' dir='ltr'><strong>arcium</strong></span> <span class='ocrx_word' id='word_1_337' title='bbox 1522 4545 1645 4607; x_wconf 89' lang='lat' dir='ltr'><strong>baccal.</strong></span> 
     </span>
     <span class='ocr_line' id='line_1_41' title="bbox 245 4629 1018 4709; baseline -0.003 -18"><span class='ocrx_word' id='word_1_338' title='bbox 245 4635 278 4692; x_wconf 92' lang='lat' dir='ltr'><strong>in</strong></span> <span class='ocrx_word' id='word_1_339' title='bbox 301 4632 401 4692; x_wconf 90' lang='lat' dir='ltr'><strong>bursa</strong></span> <span class='ocrx_word' id='word_1_340' title='bbox 424 4647 603 4709; x_wconf 90' lang='lat' dir='ltr'><strong>pauperum</strong></span> <span class='ocrx_word' id='word_1_341' title='bbox 628 4635 700 4709; x_wconf 87' lang='lat' dir='ltr'><strong>ipso</strong></span> <span class='ocrx_word' id='word_1_342' title='bbox 725 4631 775 4690; x_wconf 91' lang='lat' dir='ltr'><strong>die</strong></span> <span class='ocrx_word' id='word_1_343' title='bbox 800 4648 826 4690; x_wconf 90' lang='lat' dir='ltr'><strong>s.</strong></span> <span class='ocrx_word' id='word_1_344' title='bbox 852 4629 1018 4708; x_wconf 79' lang='lat' dir='ltr'><strong>Spiritus.-</strong></span> 
     </span>
    </p>
   </div>
   <div class='ocr_carea' id='block_1_12' title="bbox 352 4733 1641 4797">
    <p class='ocr_par' dir='ltr' id='par_1_14' title="bbox 352 4733 1641 4797">
     <span class='ocr_line' id='line_1_42' title="bbox 352 4733 1641 4797; baseline 0 -2"><span class='ocrx_word' id='word_1_345' title='bbox 352 4735 373 4796; x_wconf 89' lang='lat' dir='ltr'><strong>i.</strong></span> <span class='ocrx_word' id='word_1_346' title='bbox 400 4733 601 4797; x_wconf 65' lang='lat'>102⁸-1032</span> <span class='ocrx_word' id='word_1_347' title='bbox 627 4734 745 4797; x_wconf 80' lang='lat' dir='ltr'><strong>»Stelle</strong></span> <span class='ocrx_word' id='word_1_348' title='bbox 769 4735 833 4796; x_wconf 85' lang='lat' dir='ltr'><strong>fixe</strong></span> <span class='ocrx_word' id='word_1_349' title='bbox 857 4738 966 4795; x_wconf 73' lang='lat' dir='ltr'><strong>aerem</strong></span> <span class='ocrx_word' id='word_1_350' title='bbox 991 4735 1191 4795; x_wconf 75' lang='lat' dir='ltr'><strong>turbantes«</strong></span> <span class='ocrx_word' id='word_1_351' title='bbox 1238 4733 1297 4794; x_wconf 84' lang='lat'><strong>»28</strong></span> <span class='ocrx_word' id='word_1_352' title='bbox 1321 4737 1511 4794; x_wconf 88' lang='lat' dir='ltr'><strong>mansiones</strong></span> <span class='ocrx_word' id='word_1_353' title='bbox 1535 4736 1641 4797; x_wconf 79' lang='lat' dir='ltr'><strong>lune«</strong></span> 
     </span>
    </p>
   </div>
   <div class='ocr_carea' id='block_1_13' title="bbox 243 4835 1643 5092">
    <p class='ocr_par' dir='ltr' id='par_1_15' title="bbox 243 4835 1643 5092">
     <span class='ocr_line' id='line_1_43' title="bbox 352 4835 1643 4921; baseline 0.001 -22"><span class='ocrx_word' id='word_1_354' title='bbox 352 4839 372 4901; x_wconf 89' lang='lat' dir='ltr'><strong>i.</strong></span> <span class='ocrx_word' id='word_1_355' title='bbox 401 4836 604 4902; x_wconf 63' lang='lat' dir='ltr'><strong>roal-112³</strong></span> <span class='ocrx_word' id='word_1_356' title='bbox 626 4838 669 4901; x_wconf 82' lang='lat' dir='ltr'><strong>ll.</strong></span> <span class='ocrx_word' id='word_1_357' title='bbox 706 4839 877 4901; x_wconf 90' lang='lat' dir='ltr'><strong>Guidonis</strong></span> <span class='ocrx_word' id='word_1_358' title='bbox 911 4835 1050 4921; x_wconf 87' lang='lat' dir='ltr'><strong>(Bonati</strong></span> <span class='ocrx_word' id='word_1_359' title='bbox 1084 4837 1351 4914; x_wconf 82' lang='lat' dir='ltr'><strong>Foroliviensis)</strong></span> <span class='ocrx_word' id='word_1_360' title='bbox 1385 4837 1566 4900; x_wconf 88' lang='lat' dir='ltr'><strong>Tractatus</strong></span> <span class='ocrx_word' id='word_1_361' title='bbox 1601 4840 1643 4901; x_wconf 92' lang='lat' dir='ltr'><strong>de</strong></span> 
     </span>
     <span class='ocr_line' id='line_1_44' title="bbox 244 4926 1643 5005; baseline 0.001 -19"><span class='ocrx_word' id='word_1_362' title='bbox 244 4926 477 5004; x_wconf 87' lang='lat' dir='ltr'><strong>dispositione</strong></span> <span class='ocrx_word' id='word_1_363' title='bbox 500 4928 601 4988; x_wconf 70' lang='lat' dir='ltr'><strong>atris.</strong></span> <span class='ocrx_word' id='word_1_364' title='bbox 631 4926 695 4987; x_wconf 88' lang='lat' dir='ltr'><strong>»Ne</strong></span> <span class='ocrx_word' id='word_1_365' title='bbox 720 4933 750 4987; x_wconf 89' lang='lat' dir='ltr'><strong>te</strong></span> <span class='ocrx_word' id='word_1_366' title='bbox 785 4931 816 4987; x_wconf 94' lang='lat' dir='ltr'><strong>ln</strong></span> <span class='ocrx_word' id='word_1_367' title='bbox 851 4931 1013 4986; x_wconf 85' lang='lat' dir='ltr'><strong>astrorum</strong></span> <span class='ocrx_word' id='word_1_368' title='bbox 1044 4926 1190 4986; x_wconf 82' lang='lat' dir='ltr'><strong>iudiciis·</strong></span> <span class='ocrx_word' id='word_1_369' title='bbox 1218 4929 1249 4979; x_wconf 86' lang='lat'><strong>&gt;&lt;</strong></span> <span class='ocrx_word' id='word_1_370' title='bbox 1277 4926 1484 5003; x_wconf 80' lang='lat' dir='ltr'><strong>-grandinem</strong></span> <span class='ocrx_word' id='word_1_371' title='bbox 1521 4932 1643 5005; x_wconf 90' lang='lat' dir='ltr'><strong>tempe·</strong></span> 
     </span>
     <span class='ocr_line' id='line_1_45' title="bbox 243 5013 997 5092; baseline -0.001 -19"><span class='ocrx_word' id='word_1_372' title='bbox 243 5018 392 5074; x_wconf 89' lang='lat' dir='ltr'><strong>stuosam</strong></span> <span class='ocrx_word' id='word_1_373' title='bbox 410 5058 419 5077; x_wconf 89' lang='lat'><strong>.</strong></span> <span class='ocrx_word' id='word_1_374' title='bbox 439 5061 444 5072; x_wconf 93' lang='lat'><em>.</em></span> <span class='ocrx_word' id='word_1_375' title='bbox 464 5058 473 5077; x_wconf 89' lang='lat'><strong>.</strong></span> <span class='ocrx_word' id='word_1_376' title='bbox 493 5032 549 5092; x_wconf 90' lang='lat' dir='ltr'><strong>per</strong></span> <span class='ocrx_word' id='word_1_377' title='bbox 571 5014 746 5076; x_wconf 84' lang='lat' dir='ltr'><strong>Andream</strong></span> <span class='ocrx_word' id='word_1_378' title='bbox 769 5014 811 5076; x_wconf 91' lang='lat' dir='ltr'><strong>de</strong></span> <span class='ocrx_word' id='word_1_379' title='bbox 835 5013 997 5076; x_wconf 77' lang='lat' dir='ltr'><strong>costam«</strong></span> 
     </span>
    </p>
   </div>
   <div class='ocr_carea' id='block_1_14' title="bbox 917 5233 966 5286">
    <p class='ocr_par' dir='ltr' id='par_1_16' title="bbox 917 5233 966 5286">
     <span class='ocr_line' id='line_1_46' title="bbox 917 5233 966 5286; baseline -0.02 0"><span class='ocrx_word' id='word_1_380' title='bbox 917 5233 966 5286; x_wconf 82' lang='lat'><strong>461</strong></span> 
     </span>
    </p>
   </div>
   <div class='ocr_carea' id='block_1_15' title="bbox 0 0 2002 5954">
    <p class='ocr_par' dir='ltr' id='par_1_17' title="bbox 0 0 2002 5954">
     <span class='ocr_line' id='line_1_47' title="bbox 0 0 2002 5954; baseline 0 6"><span class='ocrx_word' id='word_1_381' title='bbox 0 0 2002 5954; x_wconf 95' lang='lat' dir='ltr'><strong> </strong></span> 
     </span>
    </p>
   </div>
  </div>
 </body>
</html>
