4040 5954
1065 471 1146 532 1416

509 671 602 754 ltili
815 674 921 750 VIII.
950 675 997 750 Α.
1024 677 1085 751 11.
1113 693 1159 758 (Υ.
1178 693 1225 744 ur.
1245 696 1308 746 aa.
1323 697 1374 758 15.)

405 809 512 873 chart.
535 829 623 874 saec.
645 810 771 874 XVIII
778 812 827 892 ss.
851 815 925 892 418,
947 815 1024 894 (837
1045 818 1095 897 pp.
1119 817 1239 896 natm),
1260 819 1438 897 33><20·5
1451 839 1514 882 cm.
1538 823 1568 883 d.
1593 841 1638 884 m.

404 950 554 1013 Joannis
576 951 675 1014 Pauli
698 950 832 1030 Olivae,
854 970 1014 1032 praepos.
1038 957 1217 1033 generalis
1240 957 1275 1019 S.
1290 957 1332 1032 1.,
1356 958 1571 1022 Stromatum
1592 967 1712 1023 tomus
1734 960 1749 1022 1
1771 961 1807 1022 in

403 1037 526 1100 titulos
560 1055 766 1101 communes
800 1041 928 1116 (ordine
950 1043 1173 1121 alphabetico)
1202 1044 1366 1106 redactus
1397 1045 1474 1108 al‘.
1505 1047 1639 1110 Jacobo
1669 1046 1808 1110 Heisler

744 1125 779 1188 S.
801 1127 832 1189 J.
857 1126 998 1205 (Tomos
1021 1129 1046 1191 ll
1069 1134 1101 1190 et
1124 1129 1159 1192 lll
1182 1131 1275 1191 vide:
1300 1131 1339 1191 X.
1365 1130 1404 1193 D.
1433 1133 1496 1208 16.)

508 1245 601 1327 Opus
625 1248 688 1309 hoc
712 1253 839 1327 spectat
860 1250 904 1310 ad
920 1248 1032 1312 Olivae
1048 1249 1368 1314 Commentationum
1386 1261 1463 1315 tom.
1481 1253 1523 1314 lV
1536 1259 1592 1326 (z
1606 1252 1805 1318 Stromatum

404 1341 479 1396 tom.
507 1335 531 1410 l)
558 1334 707 1412 Lugduni
735 1334 817 1396 1679
840 1341 927 1415 typis
950 1354 1123 1398 excusum.

508 1541 596 1622 1417
625 1540 715 1622 1418
786 1540 885 1619 VIII.
913 1543 960 1618 A.
988 1543 1049 1618 12.
1078 1567 1115 1633 a,
1141 1545 1172 1620 b.
1206 1561 1251 1625 (Y.
1270 1561 1319 1613 111.
1338 1563 1362 1614 a.
1376 1579 1401 1614 n.
1415 1563 1467 1622 25.)

405 1701 512 1761 chart.
535 1718 623 1763 saec.
646 1700 752 1762 XVII
770 1719 816 1762 ex.
828 1701 876 1782 ff.
900 1701 942 1763 79
963 1704 993 1763 et
1015 1701 1089 1776 101,
1112 1703 1353 1778 3171200m,
1375 1704 1394 1764 1
1419 1719 1464 1762 m.
1489 1721 1567 1764 cum
1583 1703 1687 1784 imag.
1705 1705 1803 1785 elfig.

403 1790 533 1848 otram.
559 1788 644 1849 chin.
669 1788 768 1850 delia.

507 1908 731 1971 Miscellanea
752 1907 985 1970 humanistica
1007 1909 1154 1971 collecta
1176 1928 1197 1972 a
1219 1909 1254 1972 P.
1279 1909 1387 1972 Paulo
1410 1910 1588 1991 blezenski
1612 1909 1645 1972 S.
1668 1910 1700 1972 J.

507 2029 614 2092 Tomo
648 2033 660 2094 Ι
691 2035 912 2092 continentur:
951 2033 981 2106 1)
1011 2030 1185 2094 Tractatus
1217 2032 1257 2093 de
1289 2032 1536 2094 humanioribus
1559 2035 1668 2106 literis,
1693 2031 1727 2104 2)
1751 2030 1805 2092 Di·

404 2134 519 2178 versae
543 2119 674 2196 elegiae,
698 2119 792 2190 odae,
816 2124 1060 2198 epigrammata,
1095 2118 1130 2193 3)
1161 2118 1283 2180 Podma
1314 2119 1355 2178 de
1387 2136 1414 2178 s.
1445 2119 1578 2197 Ignatio,
1613 2119 1647 2194 4)
1678 2117 1803 2178 Bivium

404 2209 581 2306 iuventutis
605 2221 663 2283 pro
687 2222 788 2266 scena
811 2206 999 2280 exhibitum,
1023 2206 1058 2280 5)
1081 2204 1203 2268 Polima
1225 2207 1265 2266 de
1290 2206 1421 2266 Alberto
1437 2204 1684 2267 Wallenstelnio
1701 2205 1804 2283 Egrae

404 2308 526 2352 occiso.

507 2410 615 2474 Tomo
637 2411 663 2474 11
686 2417 907 2474 continentur:
935 2413 963 2492 1)
986 2413 1177 2492 Applausus
1194 2414 1397 2492 triumphalis
1411 2430 1469 2492 pro
1485 2418 1699 2475 coronatione
1715 2419 1799 2492 regis

405 2499 496 2560 Rom.
527 2499 672 2578 Josephi,
707 2499 741 2578 2)
772 2500 963 2579 Applausus
992 2501 1218 2578 genethliacus
1249 2517 1306 2578 pro
1339 2501 1436 2561 natali
1466 2500 1653 2561 archiducis
1685 2498 1802 2574 Caroli,

404 2585 439 2660 3)
460 2587 651 2665 Applausus
675 2602 734 2665 pro
757 2586 855 2648 natali
877 2587 966 2647 arch.
992 2585 1156 2665 Leopoldi,
1181 2588 1216 2660 4)
1239 2584 1399 2665 Symbola
1414 2591 1503 2664 regia
1518 2603 1576 2665 pro
1592 2591 1804 2648 coronatione

402 2673 523 2734 archid,
547 2671 682 2752 Josephi
705 2677 737 2733 in
761 2690 872 2751 regem
896 2671 1071 2751 Ungariae,
1095 2673 1130 2748 5)
1153 2673 1376 2735 Allocutiones
1399 2673 1442 2732 ad
1459 2677 1633 2751 principes,
1657 2673 1693 2747 6)
1708 2675 1803 2736 Actio

403 2761 567 2821 theatralis
601 2759 806 2821 Ferdinando
836 2760 875 2822 lll
908 2760 1060 2832 exhibita,
1092 2760 1170 2820 dum
1202 2760 1342 2838 lapidem
1366 2759 1645 2820 fundamentalem
1670 2767 1805 2838 poneret

404 2847 528 2924 collegii
562 2845 764 2920 Clementini,
801 2847 961 2925 producta
990 2865 1010 2906 a
1033 2845 1065 2907 P.
1097 2845 1267 2920 Casimir0‚
1299 2845 1332 2920 7)
1355 2845 1551 2907 Exercitlum
1576 2849 1739 2924 politicum
1764 2847 1805 2907 de

403 2935 558 2994 heroibus
592 2939 724 2994 nostrae
759 2937 885 3006 aetatis,
919 2933 953 3010 8)
985 2931 1174 3011 Conceptus
1205 2937 1335 3011 practici
1367 2949 1425 3011 pro
1460 2935 1635 3011 sepulchro
1670 2933 1804 3004 domini,

403 3017 437 3098 9)
474 3018 625 3082 Castrum
661 3020 781 3080 doloris
816 3036 900 3080 com.
935 3015 1116 3081 Humberto
1150 3018 1290 3081 Czemin
1325 3019 1448 3098 Pragae
1484 3023 1516 3080 in
1555 3022 1805 3099 metropolitana

405 3123 431 3165 s.
456 3105 518 3167 Viti
543 3112 699 3168 erectum.

509 3277 596 3357 14111
981 3276 1083 3354 VIII.
1110 3279 1156 3352 A.
1184 3278 1246 3352 13.

405 3418 512 3482 chart.
535 3434 622 3478 saec.
647 3414 755 3478 XVII
762 3415 809 3498 ff.
831 3417 905 3494 583,
927 3415 1153 3496 30><21cm.
1178 3417 1209 3477 d.
1226 3433 1271 3479 m.

624 3555 745 3634 Elogia
765 3561 903 3634 patrum
925 3555 959 3618 S.
982 3556 1013 3618 J.
1037 3573 1067 3618 a.
1093 3553 1306 3618 1656-1679
1329 3554 1581 3618 defunctorum.

506 3681 551 3737 Ex
574 3698 632 3753 quo
656 3683 780 3753 collegio
804 3681 834 3738 S.
858 3681 884 3738 J.
908 3684 1002 3738 codex
1024 3682 1198 3754 provenerit,
1223 3681 1403 3752 ignoramus.

510 3889 611 3970 14211
642 3889 728 3970 1421
928 3886 1026 3964 VIII.
1056 3887 1102 3962 A.
1132 3887 1192 3960 14.
1220 3909 1259 3975 a,
1285 3886 1317 3961 b.

405 4049 511 4110 chart.
534 4067 567 4109 a.
591 4045 806 4112 1737-1740
818 4043 867 4124 ff.
891 4044 957 4108 aaa
978 4047 1007 4105 a
1029 4044 1102 4116 aar,
1126 4044 1214 4106 aaa
1237 4043 1281 4104 22
1303 4059 1366 4104 cm.
1390 4043 1422 4105 a.
1446 4059 1491 4104 m.

404 4189 659 4252 chronicorum
681 4186 879 4248 discalceati
895 4185 1030 4248 ordinis
1046 4183 1297 4246 Sanctissimae
1311 4181 1490 4244 Trinitatis
1507 4184 1549 4245 de
1563 4182 1804 4260 redemptione

404 4276 623 4354 captivorum
646 4291 728 4353 pars
751 4273 780 4335 ll
803 4273 886 4336 olim
909 4271 1093 4350 hispanico
1117 4270 1282 4334 idiomate
1324 4269 1532 4332 concinnata
1553 4285 1617 4348 per
1639 4268 1678 4334 P.
1701 4268 1803 4332 Alex-

404 4364 551 4427 andrum
581 4359 602 4424 a
631 4361 742 4423 Matre
765 4359 830 4422 Dei
853 4407 860 4420 .
885 4410 892 4423 .
918 4409 924 4422 .
950 4408 956 4420 .
988 4376 1081 4420 nunc
1110 4373 1195 4421 vero
1224 4357 1362 4436 linguae
1384 4356 1514 4419 latinae
1537 4356 1619 4418 data
1642 4355 1803 4434 uotisque

405 4450 652 4529 marginalibus
685 4452 788 4510 aucta
816 4464 879 4525 per
907 4445 943 4508 P.
974 4444 1174 4508 Florianum
1205 4461 1226 4506 a
1258 4444 1293 4506 S.
1314 4443 1472 4523 Josepho
1509 4443 1692 4504 Bohemum
1713 4491 1719 4505 .
1740 4489 1746 4502 .
1767 4491 1801 4506 ..

405 4539 681 4601 bibliothecarium
705 4535 913 4614 Pragensem.
937 4531 1059 4610 Pragae
1082 4550 1110 4592 a.
1140 4531 1231 4596 1737.

508 4681 609 4737 Eidem
642 4679 728 4737 titulo
762 4677 874 4734 codicis
908 4676 1038 4746 alterius,
1073 4691 1131 4747 quo
1166 4677 1304 4730 mundius
1335 4674 1483 4745 exemplar
1505 4673 1601 4744 operis
1625 4673 1801 4742 continetur,

405 4769 536 4825 additum
567 4776 626 4824 est:
661 4765 881 4836 »Descriptione
910 4779 989 4833 vero,
1021 4764 1201 4818 correctione
1233 4769 1262 4816 et
1293 4763 1457 4832 marginum
1489 4760 1639 4815 notatione
1664 4760 1804 4814 absoluta

405 4875 430 4912 a.
458 4857 569 4915 1740.«
595 4855 815 4926 Subscriptione
839 4851 950 4907 codicis
981 4852 1068 4906 huius
1092 4851 1257 4916 edocemur,
1291 4848 1398 4903 librum
1432 4845 1618 4917 hispanicum
1655 4845 1802 4918 Compluti

406 4963 431 5002 a.
461 4943 540 4999 1706
565 4947 738 5013 impressum
762 4954 836 4994 esse.
870 4937 938 4993 Sine
962 4939 1052 4993 dubio
1077 4953 1095 4992 a
1116 4935 1278 4991 Trinitariis
1301 4933 1506 5006 Pragensibus.

1079 5157 1130 5208 528
