4004 5966
1053 549 1118 610 258

493 763 513 823 i.
541 757 744 824 1301-224δ
766 758 901 821 Alberti
922 725 1041 836 Magni
1080 757 1224 820 Summa
1260 759 1317 821 vel
1356 759 1529 839 principia
1565 760 1789 822 naturalium.

387 849 548 928 »Explicit
570 846 709 909 Summa
731 847 926 908 naturalium
950 846 1072 906 Aiberti
1095 844 1216 924 Magni.
1255 845 1296 906 Et
1318 853 1396 907 sunt
1418 846 1511 908 finita
1545 865 1603 926 per
1637 846 1789 910 Crucem

384 937 428 999 de
448 935 549 998 Telcz
570 939 603 996 in
627 933 811 996 Sobieslaw
834 933 974 993 sabbato
997 937 1074 992 ante
1097 932 1219 993 iestum
1243 931 1277 994 S.
1302 931 1384 993 Galli
1403 981 1410 994 .
1429 980 1461 994 ..
1485 951 1514 994 a.
1540 935 1570 996 d.
1597 932 1711 998 1455.‹

489 1041 510 1102 i.
534 1040 614 1104 225⁸
637 1036 742 1100 Notae
764 1041 884 1110 variae,
910 1053 961 1097 ex.
985 1054 1031 1116 gr.
1057 1037 1098 1096 de
1121 1035 1256 1097 Jasone.

489 1143 510 1204 i.
535 1141 740 1204 226⁸-246³
766 1139 828 1203 ›M.
861 1139 982 1219 Erpbil
1006 1140 1078 1219 (vel
1101 1139 1245 1219 Erphei)
1269 1142 1560 1204 commentatoris
1596 1161 1625 1204 s.
1659 1141 1790 1205 Thome

384 1230 568 1293 Tractatus
602 1229 755 1291 clavium
788 1228 831 1290 de
865 1227 1128 1290 intencionibus
1162 1227 1274 1305 prima
1308 1233 1343 1290 et
1383 1231 1569 1291 secunda«
1595 1231 1629 1287 ><
1655 1231 1791 1290 »volens

386 1318 476 1397 quod
499 1322 562 1378 ista
584 1315 749 1377 sulliciant
771 1317 812 1376 de
836 1317 977 1376 clavium
1001 1319 1187 1375 intencione
1211 1315 1299 1376 dicta
1316 1364 1322 1376 .
1341 1359 1374 1376 ..
1398 1315 1441 1376 Et
1464 1322 1542 1377 sunt
1565 1315 1645 1378 liniti
1657 1320 1691 1378 in
1702 1315 1791 1377 Wis-

386 1405 527 1484 segrado
560 1422 589 1464 a.
627 1404 658 1464 d.
693 1400 777 1465 1458
807 1419 922 1463 mense
952 1400 1117 1462 Februarii
1148 1406 1180 1462 in
1212 1406 1307 1480 signo
1344 1407 1464 1470 arietis,
1488 1419 1609 1464 aureus
1633 1420 1791 1464 numerus

386 1496 466 1552 etc«

489 1576 510 1638 i.
536 1573 740 1637 Zabi-261⁸
765 1575 861 1636 Adae
883 1575 1025 1652 pulcrae
1048 1573 1207 1636 mulieris
1237 1572 1441 1637 Memoriale
1473 1576 1697 1637 naturalium.
1742 1575 1792 1654 (ln

387 1667 549 1743 margine:
599 1663 681 1725 »iste
704 1669 756 1723 est
778 1663 889 1723 titulus
913 1666 1009 1722 istius
1033 1667 1209 1724 tractatus:
1255 1660 1445 1722 Memoriale
1480 1679 1587 1724 rerum
1611 1662 1791 1724 difficilium

385 1755 481 1811 istius
504 1753 627 1810 autoris
650 1749 722 1809 Ade
746 1749 855 1827 pulcre
878 1749 1023 1809 mulieris
1048 1747 1268 1826 cuiusdam).
1297 1748 1356 1809 »Et
1380 1753 1482 1826 pn'mo
1506 1753 1538 1810 in
1562 1751 1626 1810 hoc
1649 1750 1791 1828 capitulo

387 1853 459 1898 mee
476 1840 670 1898 intencionis
693 1841 745 1896 est
767 1852 873 1895 rerum
897 1836 1092 1896 naturalium
1117 1833 1298 1895 difficiliora
1313 1835 1452 1896 breviter
1475 1837 1644 1914 colligere·
1664 1839 1695 1892 ><
1715 1841 1791 1896 »im-

385 1925 541 2003 possibile
554 1929 606 1984 est
617 1923 738 2001 aliquid
760 1938 874 1982 eorum
897 1937 1075 1982 remanere.
1089 1920 1130 1981 Et
1141 1921 1202 1981 hec
1215 1921 1257 1981 de
1270 1926 1442 2001 questione
1477 1922 1644 1984 sufficiant
1666 1927 1698 1984 in
1722 1940 1792 2001 pre·

386 2015 498 2072 senti«

409 2203 430 2261 b
490 2113 511 2174 i.
534 2110 616 2173 2611‘
639 2112 822 2190 Registrum
847 2114 955 2189 operis
979 2112 1224 2189 subsequentis
1260 2115 1312 2171 cui
1347 2112 1442 2173 deest
1475 2117 1600 2173 initium
1623 2129 1691 2174 uno
1714 2112 1791 2174 folio

387 2217 551 2262 ascisso

490 2303 510 2365 l.
536 2301 739 2366 2621-282,1
761 2299 998 2380 Quaestiones
1021 2300 1063 2361 de
1086 2300 1348 2362 universalibus
1373 2307 1404 2364 in
1428 2301 1471 2362 34
1493 2305 1646 2364 articulis.

493 2390 513 2450 i.
538 2387 711 2452 282-283
734 2386 839 2448 Notae
861 2391 971 2448 variae
995 2388 1254 2465 philosophicae.

493 2477 514 2538 l.
538 2470 742 2537 2842—302b
765 2473 799 2536 S.
821 2473 975 2536 'rhomae
998 2473 1186 2552 Aquinatis
1211 2473 1247 2534 in
1270 2474 1399 2536 librum
1429 2476 1472 2537 de
1504 2476 1624 2538 causis
1647 2476 1792 2555 (Arpha-

388 2562 491 2641 rabii)
515 2561 802 2624 commentarius.
830 2559 967 2622 »Omnis
990 2577 1093 2622 causa
1129 2565 1297 2639 primaria«
1325 2563 1357 2619 ><
1384 2561 1454 2623 »lac
1488 2581 1541 2625 me
1565 2566 1620 2625 tibi
1643 2570 1792 2642 accepta·

390 2650 498 2710 bilem.
523 2650 564 2711 Et
586 2654 634 2710 sic
658 2654 710 2709 est
732 2648 818 2720 linis,
843 2664 901 2726 pro
925 2663 991 2727 quo
1016 2649 1099 2708 deus
1122 2648 1272 2708 laudetur
1294 2652 1328 2708 in
1350 2653 1477 2709 astris«

492 2736 514 2798 i.
537 2732 740 2797 303¹-307b
764 2734 912 2812 Registra
934 2750 1070 2812 operum
1093 2735 1207 2794 codice
1231 2734 1294 2795 hoc
1319 2741 1546 2798 contentorum
1571 2754 1671 2798 manu
1686 2736 1793 2798 fratris

389 2821 513 2885 Crucis
538 2825 579 2884 de
601 2821 702 2884 Telcz
725 2838 756 2883 a.
782 2819 866 2882 1495
890 2825 923 2881 in
947 2825 1148 2881 monasterio
1171 2815 1377 2882 Tiebonensi
1402 2828 1597 2884 concinnata
1620 2825 1720 2898 (·sub
1736 2825 1792 2884 ab·

388 2909 463 2970 bate
488 2908 601 2970 Marco
624 2910 664 2970 de
688 2907 850 2982 Trzebon,
874 2906 1025 2968 Johanne
1049 2911 1153 2985 priore
1177 2908 1218 2967 de
1241 2905 1446 2987 Tissnow‹).

492 3017 603 3072 Deinde
626 3018 721 3071 codex
745 3017 775 3071 in
800 3015 870 3072 bibi.
894 3015 1139 3084 Rosenbergicam
1162 3015 1303 3084 pervenit,
1335 3030 1371 3070 ex
1403 3033 1462 3088 qua
1483 3020 1635 3073 restitutus
1659 3026 1704 3073 est
1727 3033 1792 3073 mo-

388 3105 521 3159 nasterio
544 3101 734 3159 lisbonensi.

493 3270 576 3352 258
1005 3270 1034 3346 I.
1063 3272 1103 3346 F.
1131 3272 1192 3345 26.

390 3412 498 3474 chart.
521 3430 607 3474 saec.
630 3408 830 3473 XIV-XV
832 3410 881 3493 ff.
908 3412 967 3474 131
993 3431 1097 3488 uum„
1120 3413 1332 3477 20·5><14·5
1352 3433 1416 3478 cm.
1441 3415 1473 3476 d.
1496 3431 1542 3476 m.

497 3533 659 3596 Richardi
684 3535 725 3594 de
749 3533 785 3596 S.
806 3531 949 3595 Victore
974 3535 1150 3613 opuscula:

499 3621 518 3681 1.
548 3621 559 3680 1
587 3620 769 3698 Registrum
794 3625 902 3698 operis
927 3625 1106 3700 sequentis.

497 3707 516 3768 i.
542 3706 664 3767 2—471’
687 3705 739 3769 De
762 3723 888 3769 somno
911 3706 1235 3771 Nabuchodonosor
1258 3709 1351 3787 regis
1375 3709 1464 3772 liber
1485 3709 1628 3787 primus.

497 3795 517 3855 1.
541 3790 703 3855 rib-83¹³
730 3792 903 3872 »Sequitur
935 3795 1022 3855 aliud
1057 3796 1253 3872 opusculum
1286 3796 1327 3856 de
1359 3797 1431 3867 hiis,
1463 3814 1527 3876 que
1551 3799 1794 3874 consequenter

389 3882 610 3943 subsecuntur
632 3881 672 3941 de
697 3879 846 3959 Sompno
869 3879 1195 3942 Nabuchodonosor«
1223 3881 1282 3962 (z
1292 3883 1382 3945 liber
1404 3884 1607 3959 secundus).

497 3968 517 4029 i.
542 3964 705 4030 842-92b
730 3966 924 4046 »Excerpta
956 3966 1120 4030 Richardi
1156 3971 1198 4031 de
1242 3974 1394 4032 tractatu
1435 3969 1549 4033 Omne
1583 3975 1689 4048 caput
1720 3969 1792 4030 lan·

387 4055 562 4134 guidum«.
589 4055 682 4115 »Tria
699 4062 786 4128 sunt,
811 4060 842 4116 in
868 4056 987 4133 quibus
1003 4059 1110 4116 tocius
1126 4058 1301 4134 spiritualis
1318 4062 1542 4136 corrupcionis
1555 4073 1687 4118 summa
1703 4073 1792 4118 cont-

389 4143 614 4221 prehenditur‹
642 4143 674 4199 ><
701 4159 828 4220 »neque
851 4148 963 4203 curata
986 4143 1201 4204 medicamine
1225 4161 1331 4223 neque
1355 4144 1424 4205 lota
1447 4146 1550 4206 oleo«

497 4229 516 4290 i.
541 4225 703 4290 932—98b
729 4228 797 4289 »De
821 4246 921 4307 regno
946 4233 1015 4290 sive
1050 4233 1184 4307 imperio
1208 4231 1349 4292 hominis
1373 4236 1513 4292 interiori
1537 4235 1606 4291 sive
1639 4231 1792 4309 spirituali

387 4332 429 4376 ex
445 4316 532 4376 libris
556 4316 726 4395 Rychardi.
751 4315 861 4376 Homo
884 4319 938 4394 qui
962 4321 994 4376 et
1016 4333 1286 4396 mycrocosmus«
1312 4319 1346 4377 Χ
1372 4318 1432 4379 »Et
1455 4323 1502 4379 sic
1526 4336 1563 4378 es
1579 4317 1654 4378 linis
1671 4322 1793 4380 tracta·

386 4401 453 4464 tuli
476 4401 640 4464 Richardi
663 4403 705 4464 de
728 4401 982 4464 reformacione
1005 4403 1160 4465 hominis
1183 4403 1392 4466 interioris«

310 4493 322 4504 '
496 4489 515 4550 i.
540 4489 723 4552 992-130⁸
756 4489 939 4552 Tractatus
973 4507 1081 4569 super
1110 4491 1281 4568 quosdam
1310 4485 1480 4569 psalmos.
1519 4491 1645 4572 »Quare
1676 4492 1793 4552 iremu-

389 4582 483 4638 erunt
505 4584 641 4654 gentes«
668 4577 700 4634 ><
727 4581 778 4638 »in
802 4577 923 4657 quibus
947 4581 1010 4656 ipsi
1034 4582 1123 4656 prius
1147 4578 1288 4656 perfecte
1311 4583 1500 4658 compuncti
1524 4595 1671 4640 sumus«

496 4664 517 4724 l.
545 4660 747 4724 130¹--l3lb
784 4664 854 4725 »Ex
889 4681 1043 4725 sermone
1078 4665 1258 4726 eiusdem«
1297 4664 1406 4727 »Tolle
1442 4682 1578 4745 puerum
1602 4673 1635 4727 et
1657 4670 1792 4726 matrem

388 4755 488 4811 eius«
516 4749 609 4828 (item
635 4767 734 4829 super
744 4757 765 4822 :)
791 4750 898 4831 »Quid
923 4751 1018 4812 dabis
1042 4755 1090 4811 eis
1114 4751 1247 4813 domine
1269 4753 1401 4814 vulvam
1426 4753 1553 4832 absque
1577 4754 1713 4814 liberis«

493 4840 595 4896 Codex
619 4841 667 4896 hic
690 4842 832 4898 exhibens
856 4857 996 4898 numeros
1020 4841 1070 4899 fol.
1100 4843 1266 4898 rit-277
1292 4859 1381 4898 manu
1405 4859 1484 4899 saec.
1508 4842 1563 4898 XV
1588 4851 1705 4900 notatos
1729 4849 1794 4898 tan·

389 4933 451 4981 tum
477 4929 729 4984 continuationem
754 4944 873 5000 operum
897 4929 1035 4984 Richardi
1058 4935 1154 4984 tenere
1177 4929 1301 4986 videtur.
1334 4929 1479 5001 Operculo
1514 4931 1595 4987 inser.
1631 4930 1792 5000 adligatum

389 5021 433 5070 est
459 5017 618 5073 membran.
643 5015 835 5086 fragmentum
859 5015 1045 5071 instrumenti
1068 5015 1178 5087 publici
1203 5017 1352 5088 quendam
1368 5015 1482 5072 Petrum
1503 5020 1705 5090 presbyterum
1722 5033 1795 5074 con·

1066 5235 1115 5286 106
