3990 5956
877 533 938 594 747

310 743 393 825 747
654 743 722 818 IV.
757 741 799 816 G.
831 742 891 818 15.
922 757 1149 822 (aaran)

206 883 313 945 chari.
338 900 371 945 a.
394 881 479 944 1417
491 881 537 964 ff.
560 882 625 944 249
648 899 751 958 num„
775 881 954 942 22><1515
973 898 1036 943 cm.
1061 881 1082 942 2
1104 899 1147 942 m.

313 1003 333 1065 i.
362 999 494 1065 1⁸—43b
517 1008 674 1080 (anepigr.)
703 1002 885 1067 Tractatus
914 1003 1004 1066 varii
1038 1004 1232 1066 doctrinam
1262 1003 1474 1068 haereticam
1498 1003 1605 1082 (Wal-

204 1091 366 1153 densium
379 1091 408 1170 i)
439 1091 639 1154 redolentes
669 1091 723 1160 (de
759 1090 834 1162 lide,
866 1090 1066 1162 adoratione,
1098 1091 1327 1161 oblationibus,
1360 1091 1506 1163 decimis
1533 1097 1605 1152 ortu

206 1179 441 1255 religiosorum,
473 1175 677 1240 Constantini
712 1179 897 1245 donatione,
929 1178 1107 1250 beneficiis,
1138 1184 1296 1256 apparatu
1326 1194 1440 1255 papae,
1472 1182 1605 1239 avaritia

205 1267 291 1336 cleri,
316 1269 405 1324 rasis
419 1269 593 1343 preciosis;
610 1269 685 1325 item
709 1264 750 1324 de
774 1265 992 1326 oblationibus
1016 1270 1048 1324 et
1071 1265 1217 1337 decimis
1241 1263 1281 1324 de
1306 1269 1505 1326 correctione
1529 1267 1603 1326 cleri

204 1369 261 1428 per
284 1355 455 1430 principes,
479 1352 519 1412 de
544 1355 693 1424 simonia,
716 1351 757 1412 de
782 1355 1006 1416 sacramentis,
1030 1351 1072 1411 de
1096 1351 1268 1412 monachis
1291 1354 1401 1429 nigris,
1426 1352 1467 1411 de
1491 1352 1602 1412 abusi·

202 1437 322 1498 onibus
347 1440 457 1510 seculi,
482 1439 522 1499 de
547 1437 624 1500 lletu
648 1454 705 1516 pro
729 1441 865 1499 mortuis
889 1443 921 1498 et
943 1436 1115 1516 suffragiis,
1140 1437 1180 1497 de
1203 1437 1423 1510 confessione,
1448 1438 1488 1497 de
1513 1445 1601 1517 pote-

203 1531 287 1583 state
311 1524 441 1602 ligandi,
465 1525 506 1585 de
530 1525 677 1586 clavibus
701 1524 803 1590 Petri).
827 1524 943 1603 lncip.:
971 1523 1058 1584 »Pax
1073 1523 1226 1584 fratribus
1242 1529 1275 1584 et
1290 1527 1407 1585 caritas
1424 1541 1499 1584 cum
1516 1525 1599 1585 fide«

204 1613 241 1686 ><
271 1611 422 1688 »ligatum
454 1629 529 1672 esse
560 1613 611 1672 vel
643 1611 830 1672 absolutum
862 1617 898 1671 ut
927 1608 987 1671 XV
1009 1628 1039 1688 q.
1068 1612 1094 1674 1.
1126 1627 1187 1672 nec
1211 1611 1273 1671 hiis
1296 1616 1375 1672 etc«
1402 1609 1516 1690 (iidem
1542 1619 1602 1672 tra·

202 1705 310 1757 ctatus
334 1706 509 1759 occurrunt
531 1701 562 1758 in
587 1699 700 1758 codice
724 1697 770 1758 lll.
796 1696 835 1758 G.
860 1697 902 1758 28
918 1703 949 1757 et
964 1698 1181 1759 attribuuntur
1196 1695 1342 1760 Nicolao
1358 1697 1400 1758 de
1417 1693 1602 1776 Draldan)

310 1798 330 1859 i.
355 1797 517 1863 atr-81¹³
540 1803 698 1875 (anepigr.)
720 1799 904 1877 Expositio
928 1800 1099 1863 orationis
1122 1801 1329 1864 dominicae.
1356 1801 1469 1863 »Pater
1491 1809 1603 1864 noster

200 1895 260 1946 etc.
288 1885 392 1946 Prima
414 1891 530 1965 peticio
554 1895 622 1948 est«
651 1889 689 1964 ><
717 1888 823 1966 »quod
854 1889 950 1948 nobis
982 1889 1143 1948 concedat
1173 1891 1275 1950 trinus
1299 1897 1331 1949 et
1353 1905 1441 1949 unus
1464 1893 1496 1950 in
1521 1905 1546 1950 S.
1572 1907 1599 1951 s

200 1974 283 2032 deus
308 1973 500 2034 benedictus
523 1975 660 2035 Amen«

308 2075 328 2136 i.
352 2074 510 2137 82⁸-85b
533 2080 691 2152 (anepigr.)
714 2075 895 2139 Tractatus
918 2077 960 2139 de
984 2079 1119 2141 chorea.
1148 2077 1273 2141 »Corea
1295 2085 1346 2140 est
1369 2080 1528 2141 circulus«
1559 2083 1600 2153 ><

203 2162 339 2223 »iudicio
363 2164 593 2241 condempnati
618 2171 724 2226 sunt«

308 2267 328 2328 s.
352 2262 512 2328 &ib—96b
535 2271 692 2342 (anepigr.)
715 2267 896 2330 Tractatus
920 2269 961 2329 de
978 2267 1148 2330 missione
1161 2269 1386 2348 quadruplici.
1408 2269 1490 2331 »Viri
1504 2275 1599 2332 etiam

200 2352 331 2430 perlecti
355 2361 386 2413 et
409 2359 502 2415 iusti«
531 2355 569 2431 ><
597 2359 670 2434 »qui
693 2372 827 2433 preesse
851 2356 1024 2427 desiderat,
1050 2373 1118 2417 non
1142 2357 1310 2434 prodesse.
1335 2357 1404 2418 Hec
1428 2359 1507 2418 illa«

307 2456 327 2516 i.
352 2453 516 2517 sub-99·
556 2461 714 2532 (anepigr.)
754 2457 928 2520 Johannis
962 2457 1039 2519 Hus
1074 2457 1256 2520 Tractatus
1290 2460 1333 2521 de
1363 2459 1596 2523 matrimonio.

201 2541 315 2608 »Petis
340 2545 522 2614 karissime,
554 2553 589 2604 ut
612 2553 744 2623 reputo«
774 2547 804 2600 ><
831 2545 990 2622 »plenarie
1014 2550 1167 2623 cogitare.
1191 2546 1228 2606 Α.
1254 2547 1284 2607 d.
1313 2545 1424 2608 itti«

307 2646 326 2706 l.
356 2647 556 2710 1002-141·
580 2649 737 2724 (anepigr.)
774 2646 956 2709 Tractatus
991 2648 1033 2709 de
1070 2664 1156 2710 vera
1188 2649 1409 2714 beatitudine.
1446 2651 1594 2729 »Querite

197 2736 335 2810 primum
360 2751 496 2814 regnum
519 2735 589 2794 dei«
617 2738 648 2792 ><
675 2741 812 2796 »cuncta
836 2752 994 2808 consona,
1018 2741 1137 2796 cuncta
1160 2741 1403 2812 conveniencia,
1420 2755 1483 2816 que
1500 2741 1596 2799 nobis

198 2825 360 2896 prestare·
387 2829 446 2882 etc.

304 2922 324 2982 i.
354 2924 556 2986 1422-157t
578 2929 735 2998 (anepigr.)
769 2922 950 2986 Tractatus
985 2927 1027 2987 de
1061 2927 1308 2990 communione
1338 2930 1403 2991 sub
1437 2935 1595 3007 utraque.

198 3006 285 3069 »Nisi
327 3012 620 3072 manducaveritis«
654 3013 686 3068 ><
720 3015 770 3071 »in
813 3016 935 3089 premio
970 3019 1001 3073 et
1035 3014 1195 3088 mercede,
1235 3032 1333 3094 quam
1368 3021 1512 3094 prestare
1549 3018 1594 3076 di-

194 3102 329 3174 gnetur«
356 3103 415 3158 etc.

304 3205 320 3261 i
351 3198 733 3276 ibib-165b(anepigr‚)
763 3201 806 3263 M.
841 3202 1014 3264 Jolrannis
1044 3203 1121 3265 Hus
1144 3203 1325 3268 Tractatus
1349 3208 1391 3269 de
1415 3223 1481 3270 sex
1504 3225 1595 3270 erro-

194 3285 292 3388 ribus
316 3289 442 3360 (ordine
466 3288 676 3367 perturbato).
698 3290 921 3367 »Augustinus
933 3291 975 3349 ad
991 3290 1155 3352 Auxilium
1172 3296 1384 3372 episcopum«
1399 3295 1432 3352 ><
1449 3313 1486 3356 »a
1498 3312 1594 3374 supe-

194 3390 276 3434 nore
300 3392 487 3437 coronam«

301 3475 322 3538 i.
352 3476 553 3540 1662-19211
568 3478 830 3559 Responsiones
846 3497 910 3541 nec
927 3496 998 3542 non
1013 3487 1214 3545 sanctorum
1229 3484 1457 3547 auctoritates
1473 3492 1595 3548 contra

193 3563 381 3626 concilium
404 3566 675 3629 constantiense
698 3566 862 3630 collectae
885 3571 920 3640 (a
941 3565 1086 3630 Nicolao
1110 3572 1152 3631 de
1175 3565 1333 3633 Drdidan
1356 3572 1409 3645 (ci.
1428 3571 1473 3634 lll.
1498 3572 1537 3634 G.
1562 3573 1592 3634 9.

193 3649 212 3710 i.
239 3649 305 3724 71.)
329 3669 388 3712 seu
412 3657 521 3730 potius
544 3670 564 3714 a
587 3653 631 3714 Μ.
655 3654 787 3717 Jacobo
810 3655 852 3715 de
875 3653 965 3716 Misa
987 3654 1105 3728 (Hardt
1127 3656 1173 3728 111,
1198 3656 1256 3718 591
1278 3663 1351 3736 sq.).
1370 3663 1461 3733 (rubr.
1473 3663 1496 3734 :)
1515 3658 1591 3722 »Se-

192 3741 299 3816 quitur
321 3743 424 3816 prima
446 3740 614 3802 conclusio
639 3741 678 3801 de
702 3745 932 3802 communione
956 3745 1125 3822 utriusque
1149 3749 1277 3823 speciei.
1303 3743 1460 3828 (Atramz)
1485 3746 1590 3808 Prima

192 3827 378 3886 conclusio:
403 3824 478 3888 Chr.
504 3836 579 3904 post
601 3845 738 3889 cenam‹
759 3829 790 3886 ><
810 3830 888 3889 »illic
912 3833 943 3890 et
967 3833 1112 3890 minister
1136 3848 1230 3892 meus
1254 3836 1320 3893 erit.
1345 3832 1439 3910 Expl.
1457 3851 1592 3912 respon-

193 3915 304 3972 siones
327 3916 401 3985 (etc.
427 3918 463 3974 ut
485 3912 606 3992 supra),
631 3919 662 3975 in
687 3915 805 3994 quibus
830 3915 1045 3992 respondetur
1068 3917 1257 3979 doctoribus
1273 3922 1495 3998 evangelicam
1511 3924 1592 3981 veri-

192 4003 290 4058 tatem
314 4000 377 4059 sub
401 4006 550 4077 pretextu
577 4005 704 4079 pietatis
727 4002 1076 4080 condemnantibus«

299 4101 320 4166 i.
348 4100 550 4165 192θ-198ὴ
572 4105 710 4182 (Jacobi
732 4108 774 4168 de
797 4106 900 4184 ilisa)
930 4104 1111 4171 Tractatus
1137 4111 1197 4171 »de
1221 4110 1467 4173 communione
1489 4111 1591 4188 spiri·

189 4188 276 4250 tuali
299 4187 335 4249 in
358 4192 604 4252 sacramentali
626 4192 762 4272 integra
784 4195 849 4256 sub
873 4194 1001 4273 duplici
1015 4194 1128 4257 forma
1143 4196 1245 4274 panis
1262 4202 1296 4259 et
1311 4197 1384 4259 vini
1400 4199 1590 4260 communi-

189 4279 297 4337 tatem
321 4276 475 4353 plebium
498 4286 760 4343 concernente.«
789 4279 956 4343 »Salvator
971 4287 1083 4342 noster
1094 4283 1181 4344 dom.
1195 4283 1312 4344 lesus«
1328 4287 1361 4343 ><
1376 4289 1589 4362 »sanguinem

191 4363 253 4422 sub
277 4361 383 4424 forma
405 4367 470 4426 vini
494 4372 554 4426 etc.
579 4367 713 4429 Amen«
741 4367 804 4449 (De
827 4373 960 4430 auctore
983 4369 1023 4430 ci.
1050 4371 1122 4430 cod.
1147 4371 1167 4433 l.
1191 4369 1227 4432 E.
1254 4370 1304 4432 29.
1329 4371 1349 4432 i.
1374 4369 1440 4448 31.)

298 4466 320 4528 i.
348 4465 551 4530 latit—232·
572 4474 731 4546 (anepigr.)
753 4471 876 4534 Sermo
899 4472 941 4534 de
964 4473 1212 4537 communione
1235 4476 1300 4536 sub
1317 4480 1474 4552 utraque.
1501 4473 1588 4536 »Nisi

188 4553 479 4616 manducaveritis«
497 4557 530 4614 ><
545 4557 605 4617 »de
621 4560 818 4620 excellencia
833 4559 931 4620 huius
947 4562 1139 4622 venerabilis
1157 4566 1353 4625 sacramenti
1375 4569 1435 4622 etc.
1449 4563 1555 4623 Amen
1570 4588 1585 4615 «

188 4638 339 4716 (Nicolai
363 4643 405 4703 de
427 4637 607 4705 Draidani
628 4644 670 4706 cl.
694 4645 741 4708 lll.
765 4643 804 4707 G.
828 4645 870 4707 28
894 4646 913 4707 l.
942 4646 1026 4719 165.)

294 4727 315 4788 i.
340 4725 545 4791 232b-240a
566 4732 724 4811 (anepigr.)
747 4731 898 4794 Tabulae
921 4733 1005 4796 novi
1028 4739 1063 4795 et
1078 4734 1212 4812 antiqui
1235 4735 1373 4797 coloris.
1400 4735 1525 4796 »Prima
1541 4742 1586 4796 ta·

186 4813 271 4874 bula.
297 4814 432 4877 Primus
464 4814 674 4879 Novissimus
697 4823 858 4882 virorum«
888 4821 926 4896 ><
954 4822 1124 4883 »Ambros
1150 4827 1182 4884 in
1206 4823 1286 4883 libro
1310 4822 1351 4883 de
1374 4819 1461 4882 ulfic.
1499 4820 1587 4883 Finis

186 4907 274 5048 ἵζω
268 4905 344 4962 novi
351 4909 417 5062 5gt)
437 4907 559 4983 antiqui
590 4907 739 4966 coloris«
771 4906 940 4986 (iohanni
970 4907 1046 4969 llus
1077 4910 1219 4971 attribuit
1252 4905 1427 4988 Frajshans
1462 4905 1588 4969 Osveta

297 5005 326 5067 p.
395 5037 402 5050 .

863 5217 913 5270 299

773 5602 1172 5920 Ἀ
