4004 5966
1050 536 1114 597 270

378 745 598 802 Kowarzowicz
620 748 780 802 exhibitum
804 749 834 803 ln
858 763 949 804 causa
972 748 1086 804 Nicolai
1109 749 1227 819 plebani
1257 750 1287 804 in
1310 750 1409 821 Ugezd
1434 768 1460 806 a.
1489 749 1571 807 1434
1594 752 1654 820 (ed.
1678 751 1785 822 Tadra,

379 831 493 888 Soudnl
518 834 587 889 aleta
609 833 672 902 Vll,
699 834 785 906 244).
819 834 981 907 Utrumque
1004 835 1054 892 lol.
1078 839 1176 891 minus
1200 839 1276 891 iuste
1299 844 1485 893 numeratum
1508 843 1563 893 est.
1587 837 1621 893 In
1645 838 1783 910 operculo

379 920 461 976 infer.
484 925 621 975 exaratae
645 927 714 976 sunt
738 923 813 976 duae
837 923 992 978 cantiones
1023 923 1196 978 bohemicae
1231 918 1313 996 (1)νὲ
1342 919 1435 995 piane
1466 920 1630 980 duchovni
1661 924 1692 997 l)
1714 924 1786 980 Bud

378 1007 592 1077 pozdraweno
626 1013 728 1063 swate
761 1006 853 1063 bozie
883 1009 961 1065 tlelo
991 1008 1026 1081 2)
1056 1008 1168 1081 Witay
1196 1009 1290 1082 myly
1320 1009 1400 1066 Jezu
1430 1010 1564 1083 Kriste),
1596 1027 1671 1082 quas
1693 1012 1786 1067 edidit

378 1087 482 1148 Hanui
505 1097 535 1150 in
559 1093 642 1164 Malp'y
664 1093 767 1164 vy'bor
789 1111 817 1166 p.
843 1096 893 1152 61.
918 1097 953 1152 Α.
982 1097 1062 1154 1609
1086 1100 1180 1152 codex
1204 1098 1273 1153 bibl.
1298 1098 1539 1168 Rosenberglcae,
1558 1099 1664 1154 deinde
1680 1114 1784 1155 mona-

379 1183 458 1236 sterii
480 1179 677 1236 ‘l’iebonensis
700 1181 766 1237 luit.

482 1349 563 1430 2711
982 1350 1012 1425 I.
1040 1351 1080 1424 F.
1107 1352 1169 1426 33.

379 1489 487 1551 chart.
510 1507 598 1552 saec.
621 1487 691 1550 XV
697 1490 743 1572 ff
767 1489 833 1552 283
853 1509 959 1565 uum„
981 1491 1070 1552 23)(
1090 1491 1208 1553 ibam.
1233 1492 1264 1553 d.
1292 1510 1337 1552 m.

487 1611 674 1675 Sermones
697 1613 828 1675 diversi
850 1618 900 1687 (ut
922 1617 953 1675 in
977 1614 1030 1674 lol.
1055 1614 1231 1692 praeligato
1255 1618 1397 1690 notatur)
1421 1615 1464 1675 ab
1479 1613 1635 1675 adventu
1651 1613 1784 1675 domini

379 1713 491 1775 usque
514 1701 557 1760 ad
580 1705 742 1762 octavam
764 1699 971 1778 epiphaniae
995 1716 1075 1761 curn
1098 1700 1280 1776 permultis
1296 1701 1426 1778 glossis
1443 1700 1636 1762 bohemicis
1652 1700 1783 1762 interli-

378 1785 550 1848 nearibus.
577 1785 824 1864 (collectionem
847 1789 933 1848 hanc
957 1787 1182 1865 praedicatorq
1196 1787 1307 1847 uidam
1332 1805 1374 1848 ex
1390 1787 1529 1848 diversis
1546 1788 1733 1848 homiliariis
1749 1791 1782 1848 in

378 1886 476 1932 usum
500 1878 665 1951 proprium
688 1873 897 1935 coadunasse
921 1872 1074 1951 videtur).

485 1979 530 2034 Ex
552 1980 623 2036 bibl.
648 1981 864 2050 Rosenbergiea
887 1984 982 2036 codex
1005 1981 1109 2051 obtigit
1133 1989 1260 2036 monast.
1287 1979 1477 2036 liebonensi.

483 2148 551 2228 271
1006 2148 1036 2222 I.
1064 2149 1103 2222 F.
1131 2148 1194 2223 39.

378 2289 485 2351 chart.
508 2306 596 2351 saec.
618 2286 689 2349 XV
700 2289 740 2369 ff.
763 2290 837 2362 471,
861 2289 1077 2350 21·5><14·5
1097 2307 1160 2351 cm.
1186 2291 1216 2350 d.
1241 2307 1285 2350 m.

486 2411 506 2471 l.
535 2408 689 2472 1⁸-180b
712 2415 870 2486 (anepigr.)
892 2410 1030 2473 Laudes
1054 2412 1085 2472 b.
1101 2411 1233 2473 Mariae
1248 2411 1396 2490 virginis
1412 2430 1433 2474 a
1448 2412 1598 2490 quodam
1614 2414 1782 2491 episcopo

377 2498 606 2559 concinnatae
630 2502 666 2559 et
687 2497 808 2559 ordine
830 2498 1049 2575 alphabetico
1072 2498 1238 2576 digestae.
1266 2498 1431 2578 »Cogitavi
1455 2499 1526 2560 dies
1550 2503 1721 2579 antiquos«
1748 2503 1782 2559 ><

380 2591 431 2644 »et
463 2585 702 2662 indulgenciam
738 2589 863 2662 possim
899 2589 1042 2645 invenire
1078 2586 1263 2645 secundum
1297 2587 1554 2647 misericordiam
1594 2592 1685 2647 tuam
1724 2604 1782 2665 per

377 2669 573 2732 Christum«
599 2669 731 2746 (Cetera
753 2671 989 2738 desiderantur,
1015 2688 1091 2731 nam
1115 2672 1181 2732 duo
1205 2672 1258 2732 lol.
1284 2689 1353 2752 seq.
1378 2677 1486 2732 scissa
1503 2678 1606 2748 sunt.)
1622 2673 1696 2752 (Est
1710 2673 1781 2736 Ma-

377 2756 461 2819 riale
484 2775 629 2820 aureum
651 2757 776 2820 Jacobi
798 2758 839 2819 de
864 2757 1061 2836 voragine).

485 2862 506 2922 l.
535 2859 735 2924 18111-392b
759 2863 948 2952 Sermones
972 2862 1014 2922 de
1035 2866 1193 2938 tempore
1216 2866 1263 2934 (in
1286 2861 1351 2924 line
1368 2865 1526 2938 mutilati).
1546 2863 1649 2926 »Cum
1666 2881 1782 2943 appro-

377 2953 572 3028 pinquasset
590 2999 596 3011 .
617 2998 623 3010 .
644 2993 652 3008 .
670 2949 762 3010 Pueri
786 2950 902 3022 dilecti,
927 2965 969 3009 ex
992 2953 1126 3026 antiqua
1148 2950 1406 3011 consuetudine«
1428 3000 1435 3012 .
1456 2999 1462 3011 .
1483 2999 1489 3009 .

486 3053 506 3114 l.
531 3052 736 3114 393³—457l
759 3052 847 3130 Mag.
871 3051 1008 3129 Aegidii
1031 3051 1219 3113 Sermones
1242 3053 1285 3114 de
1307 3053 1427 3116 altaris
1449 3055 1644 3117 venerabili
1667 3070 1780 3116 sacra·

377 3145 528 3201 mento.
568 3139 700 3201 »Venite
724 3140 911 3200 comedite.
932 3187 938 3198 .
959 3138 1055 3200 .Hiis
1078 3140 1205 3199 verbis«
1233 3142 1265 3197 ><
1292 3148 1648 3219 »contempnerentur«

484 3245 504 3305 f.
528 3239 734 3305 ibib—lssssb
757 3243 791 3304 S.
814 3242 1003 3322 Augustini
1024 3242 1205 3305 Tractatus
1236 3245 1278 3305 de
1308 3245 1627 3322 praedestinatione
1658 3249 1781 3306 contra

375 3329 594 3408 Pelagianos.

483 3417 711 3478 troo-471
774 3416 877 3477 Notae
911 3421 1020 3478 variae
1053 3417 1107 3494 (de
1143 3416 1329 3479 differentiis
1361 3420 1585 3484 ecclesiarum.
1610 3419 1651 3478 de
1675 3423 1779 3496 signis

375 3504 610 3566 salvandorum
634 3507 720 3578 etc).

484 3594 636 3666 Opereulis
667 3595 796 3665 adligata
819 3599 888 3649 sunt
911 3593 1073 3663 fragmenta
1097 3596 1216 3652 membr.
1240 3594 1382 3650 Breviarii
1406 3611 1484 3652 saec.
1508 3591 1689 3650 XIII—XIV
1712 3610 1780 3650 curn

374 3683 498 3739 neumis.
522 3681 556 3737 In
579 3682 740 3752 fragmento
764 3695 861 3751 super.
885 3681 959 3736 haee
982 3685 1053 3735 nota
1075 3681 1219 3736 occurrit:
1247 3680 1380 3738 »Nicolai
1404 3683 1540 3739 canonici
1564 3689 1592 3738 et
1615 3682 1733 3753 plebani
1748 3684 1779 3737 in

374 3766 542 3824 Praehaticz
576 3771 715 3840 prepositi
746 3766 1016 3824 Boleslawiensis.‹
1050 3767 1161 3823 Deinde
1193 3771 1287 3824 codex
1322 3769 1353 3824 in
1385 3769 1592 3825 bibliothecam
1616 3768 1781 3824 Rosenber-

375 3856 471 3924 gicam
494 3863 522 3911 et
543 3859 613 3911 inde
635 3859 666 3910 in
689 3854 899 3910 monasterium
923 3851 1110 3910 'liebonense
1133 3856 1259 3912 devenit.

479 4024 558 4104 272
1002 4020 1031 4096 I.
1058 4024 1099 4097 F.
1128 4023 1189 4098 40.

374 4167 481 4227 chart.
504 4182 593 4227 saec.
615 4163 686 4226 XV
691 4165 737 4247 ff
760 4164 826 4226 433
848 4183 952 4236 num„
976 4165 1017 4227 21
1032 4168 1065 4222 ><
1078 4167 1122 4228 15
1142 4184 1206 4227 cm.
1231 4165 1261 4226 d.
1286 4183 1330 4226 m.

481 4287 701 4349 Breviarium
724 4286 802 4348 sine
826 4289 924 4350 notis
948 4287 1106 4350 musicis.
1131 4287 1298 4348 Praecedit

484 4376 504 4436 l.
532 4375 614 4435 1-6
637 4373 866 4436 Calendarium
890 4391 966 4436 cum
989 4376 1112 4453 aliquot
1145 4380 1232 4436 notis
1255 4377 1479 4454 necrologicis
1513 4376 1633 4452 quibus
1656 4392 1708 4435 ex.
1731 4393 1777 4454 gr.

374 4468 440 4523 vita
462 4463 580 4523 famosi
603 4462 791 4523 Wenceslai
826 4459 1057 4540 Kirianovsky'
1080 4463 1247 4541 paululum
1271 4463 1454 4524 illustratur.
1489 4463 1523 4525 ln
1548 4467 1638 4541 parte
1663 4462 1778 4523 subse-

374 4556 492 4629 quente
527 4551 675 4628 permulti
711 4550 829 4626 psalmi
864 4553 1161 4627 interpretationem
1200 4550 1435 4610 interlinearem
1474 4549 1682 4610 bohemicam
1722 4555 1779 4610 aut

374 4638 506 4715 glossas
530 4636 692 4697 exhibent.

481 4727 661 4784 lntrinsecus
686 4725 816 4796 operculi
846 4741 943 4796 super.
980 4727 1107 4780 occurrit
1131 4733 1202 4781 nota
1224 4742 1330 4781 manca
1352 4729 1388 4781 de
1404 4726 1533 4798 quadam
1555 4726 1725 4798 pestilentia
1747 4725 1777 4780 in

374 4813 524 4882 Bohemia‚
555 4816 623 4869 item
647 4827 755 4870 nomen
777 4815 980 4884 possessoris:
1014 4811 1119 4868 »Liber
1142 4811 1245 4868 Crucis
1269 4814 1305 4868 de
1327 4812 1440 4868 Vstek«
1468 4811 1608 4884 (Quidam
1633 4811 1713 4868 Crux
1735 4811 1780 4868 la-

373 4903 581 4974 picldaetiam
604 4899 901 4956 commemoratorio
925 4898 1099 4955 Calendario
1131 4899 1182 4958 30.
1214 4900 1312 4969 rnert.)
1345 4899 1450 4956 Postea
1484 4901 1578 4956 codex
1617 4906 1678 4955 erat
1715 4914 1780 4955 mo·

372 4991 481 5046 nasteri
497 4989 506 5045 i
524 4988 554 5044 S.
579 4986 724 5045 Coronae.

1056 5209 1103 5258 112
