3996 5954
883 550 947 612 967

214 760 331 820 scolas
358 765 596 838 assumpturus
620 759 737 820 eodem
759 776 847 821 anno
878 759 1002 840 prelato
1036 767 1113 840 post
1144 762 1324 840 predictum
1359 761 1479 823 lestum
1514 762 1624 824 scolas

214 849 247 906 in
272 843 430 908 Hradecz
453 845 607 924 Regina«
634 845 781 921 (Massae
804 851 948 926 computi
971 851 1003 908 in
1026 844 1047 908 1.
1072 843 1236 908 921-93·
1259 851 1428 910 recentiori
1453 865 1553 910 manu
1576 853 1622 910 ln·

215 939 327 994 sertae
354 939 433 994 sunt
454 939 553 994 notae
579 936 828 1013 computisticae
851 933 893 994 ad
917 951 946 995 a.
975 932 1057 994 1439
1079 931 1290 1013 spectantes).

324 1035 345 1098 l.
373 1031 573 1098 l2il—l28b
600 1035 804 1114 »Reglstrum
827 1053 927 1117 super
948 1037 1070 1098 lectura
1104 1039 1317 1117 philosophici
1340 1039 1375 1112 (1.
1404 1035 1619 1114 liv-282⁶)

214 1139 243 1184 a.
275 1122 359 1184 1453
382 1122 437 1185 ler.
462 1122 487 1183 ll
511 1129 588 1201 post
611 1121 743 1196 Mathai,
774 1124 916 1201 quodie
950 1124 1038 1186 dom.
1077 1122 1239 1204 Georgius
1276 1127 1316 1186 de
1351 1123 1492 1188 Cunstat
1524 1129 1623 1187 exivit

215 1225 294 1270 cum
320 1210 497 1271 baronibus
521 1213 611 1288 regni
636 1209 770 1271 Boemie
793 1225 851 1289 pro
874 1227 949 1288 rege
972 1214 1091 1272 iuvene
1115 1210 1267 1273 Ladislao
1297 1217 1329 1274 in
1353 1211 1518 1292 lglavlam.
1564 1211 1624 1273 Per

214 1295 308 1374 Mag.
332 1295 474 1358 Petrum
497 1295 630 1358 dictum
653 1295 793 1376 B(ibat).

324 1399 345 1460 i.
373 1397 577 1461 129“-1401
601 1399 759 1475 (anepigr.)
781 1399 976 1478 Computus
999 1399 1215 1464 orbicularis,
1261 1399 1366 1464 »Cum
1402 1417 1620 1482 supernorum

215 1493 348 1549 motus«
376 1489 408 1543 ><
435 1488 555 1547 »modo
579 1487 668 1547 brevi
692 1492 725 1547 et
745 1486 829 1548 facili
852 1489 959 1560 valeat
981 1487 1152 1549 enodare«

324 1589 344 1650 l.
374 1584 571 1650 lim—282b
596 1594 740 1665 (anepigr.
763 1594 908 1666 particula
930 1593 981 1650 iol.
1005 1595 1121 1666 evulsa)
1152 1589 1301 1652 Lectum
1323 1607 1430 1668 super
1451 1595 1618 1670 computo

214 1675 462 1756 philosophico
465 1702 599 1740 .....
618 1681 686 1756 poti
710 1676 926 1756 philosophici
949 1680 1135 1754 generalem
1161 1694 1344 1738 summam«
1370 1679 1403 1735 ><
1428 1677 1489 1738 »Et
1509 1682 1542 1739 in
1559 1678 1622 1740 hoc

217 1766 409 1825 terminatur
431 1767 705 1825 commentarium
729 1763 797 1824 libri
821 1765 957 1825 secundi
981 1763 1217 1842 philosophici«
1238 1811 1245 1824 .
1265 1811 1272 1827 .
1293 1812 1300 1826 .
1318 1761 1524 1842 (Sequuntur
1552 1782 1622 1826 ver-

216 1867 277 1910 sus
304 1850 508 1912 declarantes
532 1851 649 1911 librum
674 1856 842 1911 exaratum
866 1867 942 1911 esse
956 1869 985 1912 a.
1002 1848 1094 1926 1429,
1118 1856 1151 1911 01
1170 1852 1344 1912 initialibus
1361 1867 1493 1911 nomem
1509 1857 1622 1913 aucto-

217 1942 260 1998 ris
289 1935 500 1999 »Martinus«
526 1936 568 1998 de
593 1936 790 2015 Lanciciai)

324 2041 344 2102 1.
369 2037 575 2102 283⁸-305b
600 2039 786 2119 (Johannis
809 2041 851 2102 de
873 2041 1104 2120 Sacrobosco)
1128 2038 1323 2117 computus
1345 2040 1621 2118 philosophicus.

221 2127 426 2206 ›Compotus
450 2133 501 2188 est
524 2131 687 2188 sciencia«
714 2129 747 2185 ><
773 2133 968 2205 »potuerunt
990 2131 1150 2206 assignari
1185 2127 1370 2188 diceiones«
1406 2128 1529 2205 (cetera
1562 2129 1622 2188 de-

218 2220 298 2276 sunt
321 2214 434 2275 codice
459 2213 630 2292 mutilato).

324 2320 357 2376 In
381 2323 550 2376 membrana
574 2320 671 2376 codici
696 2321 857 2392 praeligata
879 2321 934 2375 hae
959 2328 1045 2377 notae
1069 2325 1245 2376 occurrunt:
1294 2319 1398 2375 »Liber
1420 2327 1623 2392 compotorum

217 2407 300 2479 Mag.
324 2406 469 2463 Johannis
492 2410 528 2462 de
552 2406 761 2463 Sacrobusco«
786 2437 829 2448 -
863 2405 967 2463 »Liber
988 2414 1191 2480 compotorum
1225 2405 1303 2476 Mag.
1327 2405 1401 2463 Petri
1424 2409 1494 2463 dicti
1514 2407 1618 2465 Bibat«

216 2496 268 2564 (de
293 2487 555 2568 Dwekaczowicz).
579 2492 613 2548 ln
637 2493 778 2563 operculo
801 2508 897 2566 super.
933 2495 1120 2561 intrinsecus,
1154 2498 1186 2548 ut
1219 2493 1342 2563 videtur,
1379 2509 1469 2550 manu
1491 2495 1622 2550 eiusdem

219 2581 353 2652 magistri
378 2580 464 2636 Bibat
486 2585 609 2636 exarata
631 2586 676 2636 est
698 2581 799 2635 tabula
822 2585 1025 2636 contentorum
1049 2598 1067 2636 a
1090 2581 1214 2635 barbaro
1230 2582 1357 2650 quodam
1375 2579 1468 2637 cultro
1483 2581 1620 2651 lacerata,

216 2685 306 2740 quam
331 2675 438 2733 tamen,
476 2668 574 2736 quoad
608 2665 768 2740 potuimus,
792 2681 895 2722 sumus
926 2667 1028 2726 secuti.
1063 2667 1147 2722 Hanc
1170 2667 1299 2722 tabulam
1322 2673 1484 2738 sequuntur
1518 2681 1620 2724 versus

214 2757 320 2811 eadem
354 2770 443 2810 manu
468 2753 577 2810 additi:

514 2855 655 2926 »Sceptra
678 2854 859 2926 sigismundi
883 2857 993 2912 vindex
1016 2857 1175 2927 concepcio
1200 2856 1326 2924 strinxit,

512 2943 552 2998 'l'e
576 2957 659 2998 sacer
680 2943 738 2997 heu
761 2941 898 2998 Clemens
921 2948 1019 3015 optate
1046 2942 1184 2998 Ladislae
1208 2945 1313 2999 cedit«

321 3049 397 3102 Ante
420 3048 475 3102 hos
498 3061 602 3102 versus
626 3051 745 3102 notatus
768 3053 812 3101 est
834 3062 861 3102 a.
889 3047 980 3120 1437,
1004 3054 1072 3120 post
1094 3050 1214 3103 eosdem
1238 3063 1264 3104 a.
1293 3045 1384 3108 1458.

322 3214 400 3295 967
711 3213 753 3287 V.
787 3213 830 3289 G.
859 3215 918 3288 15.
947 3232 992 3296 (r.
1010 3233 1046 3284 11.
1063 3233 1089 3283 a
1103 3247 1128 3281 n.
1148 3231 1202 3296 aa)

216 3356 327 3418 chart.
349 3373 437 3417 saec.
460 3353 529 3416 XV
550 3355 592 3436 ff.
616 3356 677 3418 171
703 3373 807 3428 num„
830 3354 1078 3419 21·5><16cm.
1105 3356 1138 3416 d.
1161 3374 1207 3417 m.

323 3477 343 3540 l.
372 3479 510 3538 1¹-1t·
532 3476 679 3539 Articuli
702 3493 765 3556 per
788 3477 975 3555 magistros
999 3477 1064 3556 (et)
1095 3479 1296 3538 sacerdotes
1329 3475 1513 3553 utriusque
1535 3473 1619 3535 civi·

216 3565 303 3627 tatis
326 3564 512 3643 Pragensis
536 3564 582 3644 (a
609 3563 707 3643 1432)
732 3563 889 3626 conclusi
911 3568 959 3639 (et
980 3565 1116 3626 concilio
1140 3563 1310 3625 Basiliensi
1334 3563 1499 3634 destinati)
1539 3578 1620 3623 curn

218 3651 440 3729 expositione
463 3651 662 3713 eorundem.
705 3650 756 3711 «ln
780 3649 856 3712 Chr.
880 3655 1011 3712 nomine
1035 3651 1151 3712 Arnen.
1197 3649 1242 3711 Ut
1263 3650 1471 3711 articulorum
1494 3648 1618 3727 pridem

218 3757 276 3818 per
299 3742 491 3817 magistros«
520 3741 552 3794 ><
580 3745 629 3800 »et
653 3738 750 3799 simul
774 3738 939 3798 decretum
964 3743 1123 3800 teneant«
1152 3735 1216 3812 (Cf.
1240 3734 1387 3814 Nejedly,
1411 3735 1571 3813 Prameny
1587 3750 1618 3813 p.

217 3826 239 3886 5
262 3828 287 3883 ἃ
310 3823 456 3888 Monum.
481 3828 595 3887 concil.
619 3827 640 3896 Ι,
669 3825 753 3899 182.)

322 3926 342 3990 l.
371 3923 526 3990 ill-16⁸
547 3928 721 3991 Johannis
744 3929 787 3989 de
809 3927 1020 4006 Rolryczana
1042 3927 1164 3990 Sermo
1187 3928 1230 3990 ad
1254 3929 1385 3990 clerum
1408 3926 1450 3987 de
1465 3925 1617 3986 diversis

216 4013 381 4093 gradibus
405 4014 562 4078 caritatis
585 4015 700 4078 faetus
723 4033 753 4078 a.
779 4014 870 4077 1429.
895 4017 929 4073 ><
957 4015 1010 4076 »Α.
1036 4015 1067 4075 d.
1095 4014 1177 4076 1429
1200 4015 1305 4076 lactus
1328 4019 1379 4074 est
1414 4017 1474 4074 iste
1509 4028 1618 4074 sermo

217 4103 260 4162 ad
284 4104 406 4163 clerum
430 4120 487 4181 per
508 4102 535 4164 J.
560 4104 601 4163 de
626 4102 661 4164 R.
684 4104 805 4164 baccal.
829 4107 861 4162 in
885 4102 1008 4163 artibus
1031 4107 1169 4181 protunc
1192 4105 1312 4162 vicario
1336 4101 1467 4176 (siclin
1491 4103 1618 4178 spiritu·

216 4189 322 4250 alibus
345 4187 387 4252 lV
409 4189 466 4252 fer.
492 4196 567 4268 post
591 4189 677 4250 Luce
701 4195 733 4251 in
757 4190 874 4250 eccles.
899 4206 925 4250 s.
950 4187 1029 4250 Mar.
1053 4195 1128 4250 ante
1152 4187 1264 4248 Letam
1288 4186 1452 4250 Curiana«

322 4293 342 4354 1.
371 4287 524 4355 tol-21·
546 4293 590 4356 Μ.
607 4292 701 4355 Petri
716 4292 864 4371 (Payne)
879 4292 1015 4370 Anglici
1029 4292 1209 4354 Tractatus
1231 4294 1274 4353 de
1288 4289 1615 4367 praedestinatione.

222 4381 427 4460 »Requisitus
451 4385 625 4443 instanter«
654 4382 687 4437 Χ
713 4383 834 4441 »etsie
857 4385 946 4458 patet
969 4381 1095 4441 solucio
1119 4383 1242 4441 utinam
1266 4379 1329 4438 deo
1353 4379 1517 4457 placens«

322 4485 343 4547 1.
368 4480 529 4546 22⁸-22b
552 4487 715 4559 (anepigr.)
741 4483 884 4546 »Passio
906 4483 1081 4547 Johannis
1097 4482 1173 4545 llus
1188 4482 1306 4544 verbis
1323 4479 1512 4545 succinctis
1529 4496 1617 4540 sum-

218 4577 340 4644 matim,
365 4577 525 4653 quantum
561 4576 717 4633 memorie
741 4575 885 4650 suppetit
897 4575 1073 4650 capacitas,
1086 4570 1239 4632 fidelibus
1255 4570 1444 4630 declarata«
1464 4569 1498 4625 ><
1516 4567 1617 4627 »bene

217 4660 304 4721 facta
323 4661 602 4810 ἓυὲἑιΑ-Βωὲῗῂ
627 4744 803 4807 Johannis
824 4745 901 4807 llus
924 4743 1113 4806 Tractatuli
1135 4743 1190 4822 (de
1207 4747 1421 4816 matrimonio
1445 4742 1486 4802 de
1510 4758 1617 4802 secre-

218 4841 329 4896 mento
352 4838 498 4913 corporis
521 4838 553 4893 et
577 4836 750 4910 sanguinis
773 4830 858 4899 Chr..
883 4833 924 4893 de
948 4832 1122 4905 mandeba,
1138 4832 1179 4892 de
1195 4834 1350 4904 oratione,
1375 4830 1415 4890 de
1432 4832 1617 4907 cognitione

217 4921 279 4994 dei,
304 4922 344 4982 de
366 4923 471 4982 tribus
494 4920 646 4980 hostibus
672 4921 824 4993 hominis,
848 4919 889 4980 de
913 4922 1124 4998 poenitentia)
1148 4917 1270 4993 scripti
1292 4917 1329 4978 in
1350 4932 1499 4980 carcere.
1520 4915 1617 4994 (Edit.

217 5005 362 5070 Norimb.
387 5008 408 5069 l.
433 5004 620 5084 29b-42·.)

262 5215 416 5274 thuribii:
437 5233 489 5276 Cat.
506 5232 558 5274 cod.
572 5231 614 5274 lat.
897 5229 946 5281 401
1489 5225 1516 5270 π
