4004 5966
1009 515 1070 578 194

335 731 596 803 premonstrante
620 730 752 804 spiritu«
771 729 803 784 ><
822 743 974 805 »semper
996 731 1129 805 emergit
1141 731 1173 788 in
1186 728 1452 790 tribulacionibus
1476 725 1575 786 deum
1587 725 1740 786 laudans.

334 812 452 873 Amen.
477 811 641 873 Konecz.«
676 812 720 872 »F
722 818 825 874 iniunt
847 813 933 874 dicta
956 830 1056 892 super
1077 815 1232 892 epistolas
1256 820 1288 875 et
1310 814 1480 892 evangelia
1504 829 1561 890 per
1583 813 1740 873 circulum

336 901 412 958 anni
443 903 522 959 etc«
559 898 595 961 ln
629 899 734 960 fronte
763 905 796 960 θῖ
824 900 866 961 ad
897 901 1020 961 calcem
1055 905 1163 979 operis
1195 902 1257 962 alia
1281 917 1400 962 manus
1424 899 1596 960 rubricavit
1617 915 1740 960 nomen

336 989 480 1045 auctoris
492 984 532 1059 (?)
554 984 714 1048 lobannis
737 986 957 1048 Alexandrini.
982 985 1066 1049 Cum
1090 989 1142 1048 hic
1165 1005 1192 1048 S.
1216 987 1288 1049 Joh.
1312 987 1589 1048 Eleemosinarius
1612 986 1741 1064 intelligi

337 1077 489 1148 nequeat,
513 1072 653 1133 sortasse
677 1078 756 1133 sunt
778 1090 949 1134 sermones
971 1072 1144 1136 Johannis
1167 1074 1210 1135 de
1233 1074 1457 1145 Cardalhaco‚
1482 1076 1536 1150 qui
1559 1077 1657 1133 etiam
1672 1077 1742 1132 erat

337 1158 521 1236 patriarcha
544 1158 786 1220 Alexandrinus
810 1165 842 1221 in
866 1161 1021 1238 partibus.

444 1243 466 1304 f.
491 1244 658 1306 219-221
686 1243 802 1308 Sermo
825 1251 858 1307 in
883 1247 1067 1307 »dominica
1090 1252 1435 1326 superexcrescente«.

445 1333 479 1388 ln
502 1334 595 1390 fronte
618 1335 636 1392 l.
665 1337 676 1390 1
705 1343 838 1393 notatur:
865 1335 969 1392 »Liber
991 1335 1105 1392 Nicolai
1127 1338 1288 1408 presbyteri
1319 1337 1354 1392 de
1385 1335 1528 1391 Sedlczan
1551 1335 1666 1405 legatus
1689 1351 1741 1406 per

336 1421 461 1475 eundem
495 1424 673 1477 monasterio
704 1437 729 1481 s.
753 1421 848 1492 Egidii
875 1425 905 1478 in
929 1423 1059 1478 Trzebon
1087 1424 1198 1482 idola
1231 1423 1342 1478 Deinde
1365 1424 1461 1478 codex
1483 1421 1554 1477 bibl.
1578 1422 1741 1477 Rosenber-

336 1508 418 1576 gicae
443 1506 507 1576 fuit,
531 1523 566 1562 ex
590 1524 649 1579 qua
672 1508 822 1564 restitutus
846 1516 891 1565 est
913 1512 1091 1566 monasterio
1114 1510 1253 1582 praelato.

442 1673 514 1755 194
955 1676 985 1752 J.
1012 1677 1054 1752 E.
1082 1679 1117 1754 9.

336 1813 447 1875 chart.
470 1832 557 1877 socc.
581 1814 649 1876 XV
656 1815 704 1897 ff.
726 1815 792 1879 204
812 1834 919 1892 num„
947 1816 1090 1878 30><22
1113 1833 1177 1880 cm.
1200 1817 1232 1879 d.
1256 1835 1302 1878 m.

443 1933 465 1996 f.
493 1931 613 1995 l-llb
635 1934 787 1998 Thomae
809 1937 852 2000 de
874 1936 1013 2015 Aquino
1036 1936 1217 2000 Tractatus
1241 1939 1283 2001 de
1307 1939 1411 2002 modo
1435 1936 1624 2001 confitendi
1650 1937 1739 2018 (Edi-

337 2024 434 2082 tionis
458 2021 644 2082 Parmensis
667 2022 731 2084 vol.
754 2021 840 2084 XVll
863 2041 895 2086 n.
918 2023 985 2098 57).

444 2107 466 2168 f.
494 2103 649 2169 lii-13·
671 2107 853 2171 Declaratio
877 2113 1009 2172 missae.
1036 2109 1120 2172 »Ter
1134 2111 1282 2189 pulsatur
1300 2112 1342 2172 ad
1363 2115 1519 2172 missam«
1540 2113 1572 2168 ><
1592 2112 1739 2173 »decimo

337 2191 489 2256 Christus
512 2211 553 2255 ex
577 2201 667 2256 tanta
689 2197 870 2258 devocione
894 2198 1100 2259 honoratur«

443 2280 465 2342 i.
493 2280 717 2343 13⁸-14·De
741 2282 894 2358 dignitate
918 2284 1100 2344 sacerdotii.

443 2367 464 2429 l.
493 2368 645 2428 14·-17·
668 2367 838 2449 Expositio
862 2373 1011 2444 canoniS,
1034 2374 1110 2430 item
1134 2374 1233 2431 totius
1258 2374 1391 2431 missae.

443 2454 464 2516 f.
493 2452 647 2516 17⁸-l91’
670 2454 719 2516 Ι)θ
744 2457 947 2517 dedicatione
971 2457 1139 2518 ecclesiae.

443 2540 464 2688 ξ.
489 2538 648 2603 20⁸—26b
670 2541 798 2603 Tabula
820 2547 929 2621 operis
952 2543 1196 2621 subsequentis

492 2628 668 2691 27⁸-181·
697 2628 807 2708 (Opus
829 2630 1087 2708 anepigraphum
1118 2629 1195 2690 folio
1219 2633 1322 2707 primo
1352 2633 1466 2690 exciso
1489 2629 1641 2691 dividitur
1663 2633 1695 2690 in
1719 2629 1740 2690 8

334 2714 444 2788 libros,
469 2732 609 2794 quorum
636 2717 647 2776 l
676 2716 717 2777 de
741 2716 914 2794 lapidibus
939 2716 959 2776 2
983 2716 1023 2776 de
1047 2716 1165 2794 plantis
1189 2722 1220 2777 et
1242 2717 1423 2787 arboribus,
1458 2716 1478 2776 3
1502 2717 1543 2776 da
1567 2717 1685 2776 avibus
1708 2721 1741 2777 et

334 2802 491 2879 piscibus,
515 2802 536 2862 4
559 2802 600 2862 da
624 2802 819 2864 animalibus
842 2808 956 2874 terrae,
991 2802 1012 2863 5
1034 2803 1076 2862 de
1100 2802 1232 2863 homine
1255 2808 1288 2863 et
1310 2803 1456 2880 partibus
1479 2808 1561 2876 eius,
1585 2802 1606 2863 6
1629 2802 1670 2863 de
1693 2807 1740 2862 vi-

335 2889 484 2949 sionibus
508 2893 707 2966 imaginariis
730 2895 762 2950 et
785 2894 923 2961 somnis
948 2888 966 2949 7
991 2890 1033 2949 de
1057 2889 1156 2950 rebus
1179 2888 1410 2964 artificialibus
1433 2890 1474 2950 da
1491 2894 1598 2950 activa
1614 2895 1647 2950 et
1661 2906 1739 2950 con·

334 2976 521 3053 templativa
554 2980 629 3048 vita,
664 2975 685 3037 8
719 2976 760 3036 de
790 2977 947 3037 humanis
979 2979 1093 3054 agitur.
1126 2975 1255 3055 Quibus
1286 2977 1384 3036 rebus
1415 2977 1617 3038 naturalibus
1640 2977 1739 3055 adap-

334 3065 443 3122 tantur
463 3065 599 3122 virtutes
634 3077 666 3123 et
687 3067 764 3122 vitia
787 3080 844 3140 per
869 3063 1004 3123 modum
1028 3062 1226 3142 Physiologi‚
1251 3063 1311 3123 sed
1335 3063 1437 3124 multo
1461 3064 1627 3142 prolixius,
1663 3062 1740 3123 ldeo

333 3148 460 3208 titulum
483 3152 627 3209 conicio:
650 3148 867 3211 Moralitates
890 3165 1008 3211 rerum
1030 3149 1242 3212 naturalium
1265 3151 1409 3223 (Antonii
1434 3151 1474 3211 de
1498 3148 1741 3227 Rampegolisi)

333 3233 412 3309 (Ine.
437 3234 491 3296 iol.
514 3239 618 3313 pn'mo
641 3240 754 3297 exciso
764 3241 786 3310 t)
813 3241 941 3297 »anima
956 3253 1014 3314 par
1028 3237 1227 3298 mundiciam
1251 3240 1416 3316 puritatis«
1444 3239 1477 3293 ><
1499 3237 1645 3314 (explicit
1667 3253 1739 3314 cap.

335 3320 375 3382 de
398 3322 471 3382 zelo
494 3321 582 3382 bono
613 3324 764 3400 exemplo
795 3327 970 3384 occisionis
1005 3325 1237 3384 involuntariae
1247 3322 1271 3400 r)
1298 3321 1400 3384 »Nam
1424 3327 1498 3402 quis
1522 3329 1636 3384 noster
1657 3327 1740 3383 alius

335 3413 386 3469 est
407 3406 484 3468 finis
515 3413 577 3469 nisi
609 3413 776 3487 pervenire
799 3409 840 3469 ad
865 3427 1011 3487 regnum,
1036 3414 1131 3470 cuius
1155 3411 1263 3471 nullus
1286 3415 1338 3470 est
1360 3409 1446 3471 finis,
1479 3411 1531 3470 Ad
1554 3425 1654 3488 quern
1678 3426 1740 3470 nos

335 3495 493 3573 perducat
519 3501 599 3556 etc«

442 3581 463 3641 i.
491 3577 692 3643 ltilA--204b
714 3585 872 3657 (anepigr.)
889 3581 1104 3644 Moralitates
1135 3581 1364 3660 scriptoribus
1399 3587 1440 3644 de
1471 3599 1508 3644 re
1532 3581 1683 3643 naturali
1706 3587 1741 3643 et

335 3666 471 3730 medica
482 3670 663 3746 adaptatae
679 3668 727 3743 (ln
741 3669 850 3730 tabula
862 3673 909 3730 sic
921 3669 1097 3730 intitulatur
1108 3685 1211 3748 opus:
1227 3668 1397 3731 Diversae
1412 3668 1739 3748 appropriationes).

338 3754 579 3834 »Philozophus
603 3761 698 3817 sexto
722 3756 926 3817 animalium:
959 3761 991 3816 in
1022 3757 1155 3816 tumidis
1179 3757 1311 3834 quidem
1335 3761 1472 3818 mortuis
1496 3761 1612 3834 pectus
1636 3756 1739 3816 alcius

336 3840 431 3902 solito
455 3842 616 3903 elevatur«
644 3845 675 3899 ><
703 3847 791 3904 »sine
815 3842 921 3903 fructu
945 3848 1099 3920 perpetue
1122 3843 1291 3914 felicitatis,
1316 3850 1352 3904 ut
1368 3849 1574 3921 pretaxatum
1590 3849 1641 3904 est
1657 3851 1737 3903 etc«

335 3928 432 4001 (Alibi
457 3944 542 4007 opus
573 3937 797 4006 nuncupatur:
825 3929 978 3991 »Lumen
1012 3929 1167 3992 animae«
1201 3936 1234 3991 et
1263 3931 1445 3992 attribuitur
1474 3929 1643 3993 Matthiae
1677 3928 1741 3990 Fa·

336 4012 491 4088 rinatori,
516 4016 577 4076 sed
600 4015 840 4077 attribuendum
864 4022 915 4078 est
936 4015 1145 4095 Berengario
1177 4017 1219 4079 de
1243 4017 1404 4080 Londora
1425 4053 1468 4060 -
1491 4016 1532 4078 ci.
1557 4017 1630 4078 cod.
1655 4015 1676 4078 l.
1701 4017 1740 4077 A.

335 4099 633 4176 fflmfflbw

443 4189 476 4247 ln
501 4192 595 4249 fronte
619 4192 669 4248 lol.
699 4195 810 4248 inum.
835 4194 908 4248 baec
931 4201 1001 4248 nota
1024 4195 1168 4250 occurrit:
1194 4195 1377 4250 »Presentem
1401 4195 1506 4249 librum
1530 4196 1635 4252 honor.
1660 4196 1739 4249 dom.

335 4277 486 4334 Johannes
516 4283 552 4334 de
586 4279 739 4350 Stropnicz
771 4281 1009 4350 prothonotarius
1040 4283 1069 4338 d.
1101 4283 1137 4336 de
1160 4281 1328 4337 Rosenberk
1351 4283 1459 4352 legavit
1482 4297 1533 4352 pro
1560 4283 1739 4336 monasterio

335 4363 532 4422 Tmebonensi
556 4383 583 4424 a.
607 4373 652 4422 etc
675 4366 820 4436 (14)42.«

445 4533 513 4615 195
939 4535 968 4611 Ι.
996 4535 1040 4611 Ε.
1067 4535 1129 4611 10.

335 4675 524 4738 membran.
546 4694 633 4738 saec.
657 4675 844 4738 XIII—XI
845 4675 874 4736 V
888 4677 937 4758 ff.
960 4677 1021 4739 171
1027 4727 1034 4745 ,
1056 4677 1145 4740 30><
1156 4677 1199 4739 22
1210 4696 1273 4740 cnr.
1290 4678 1333 4738 ab
1350 4695 1416 4738 nno
1431 4677 1548 4738 scriba
1564 4679 1741 4740 characte-

334 4761 431 4823 ribus
450 4763 542 4842 goth.
565 4764 709 4844 insignis
731 4764 976 4844 rrrogrritrrdim's
998 4768 1169 4826 exaratus

334 4970 361 5032 P
442 4883 596 4956 Missale,
620 4890 656 4947 ut
678 4886 762 4947 festa
780 4891 989 4963 patronorum
1003 4885 1179 4946 Bohemiae
1193 4886 1345 4952 indicant.
1359 4886 1552 4948 secundum
1568 4884 1741 4948 rubricam

362 4987 555 5049 ragensem.

1024 5198 1056 5248 72
