4004 5966
871 542 935 602 404

312 753 332 814 1.
360 749 562 816 186²¹—-‘209b
585 751 743 830 (anepigr.)
773 749 1055 813 Commentarius
1086 748 1122 810 ln
1156 748 1312 827 eclogam
1335 745 1541 808 Theoderici
1564 745 1600 806 in

200 839 271 902 line
295 856 451 902 mancus.
490 837 635 900 »Utilitas
659 842 798 899 sciencie
821 845 873 900 est
894 841 1052 916 aquisicio
1076 836 1235 898 felicitatis
1260 840 1387 895 eterne«
1415 835 1447 891 ><
1474 849 1596 911 »pupu-

199 933 319 1008 gerunt
341 927 383 988 ad
407 933 544 987 mortem
568 925 663 986 etde
687 926 751 986 alta
774 929 849 985 turri
874 941 948 1003 pre«
976 925 1097 1002 (cetera
1120 922 1370 996 desiderantur).

308 1035 465 1090 Asseribus
496 1033 624 1104 adligata
646 1039 714 1087 sunt
737 1033 796 1086 duo
820 1027 872 1088 fol.
895 1032 1025 1098 membr,
1056 1045 1181 1101 quorum
1212 1029 1357 1098 inprime
1382 1034 1468 1082 notae
1495 1026 1596 1082 variae

199 1121 300 1192 theol,
324 1121 353 1176 in
377 1121 466 1176 altero
496 1119 688 1190 fragmentum
718 1119 923 1189 grammaticae
954 1117 1003 1174 lat.
1027 1117 1208 1172 versificatae
1232 1131 1310 1171 saec.
1334 1112 1403 1169 xlv
1426 1119 1595 1170 occurrunt.

202 1205 297 1263 Vetus
321 1209 396 1276 sign.
421 1206 455 1276 D,
479 1208 508 1263 4.

306 1371 392 1456 4⁰2
653 1371 725 1448 III.
753 1373 800 1448 A.
827 1373 888 1448 17.
913 1387 955 1452 (Υ
978 1387 1014 1440 11.
1031 1389 1055 1439 r.
1074 1403 1100 1440 n.
1120 1389 1173 1449 17.)

199 1515 309 1577 chart.
332 1531 419 1577 saec.
442 1511 566 1595 XVff.
589 1513 664 1586 265,
685 1513 726 1576 31
743 1512 770 1575 ><
785 1513 826 1574 21
851 1530 913 1574 cm.
938 1513 955 1574 1
983 1530 1026 1574 m.

319 1633 498 1696 Wilhelmi
526 1633 736 1696 Parisiensis
767 1632 986 1712 (Sermones)
1021 1649 1127 1710 super
1156 1631 1337 1711 evangelia
1366 1629 1597 1694 dominicalia.

200 1720 273 1788 (Hic
304 1723 414 1782 titulus
444 1725 582 1783 occurrit
611 1725 644 1782 in
675 1720 728 1782 iol.
760 1723 944 1799 praeligato,
976 1723 1007 1780 in
1038 1719 1104 1781 fine
1126 1725 1236 1780 autem
1260 1725 1312 1780 est
1334 1719 1416 1780 haec
1439 1718 1566 1778 rubrica
1576 1723 1598 1792 :)

204 1807 360 1886 »Explicit
382 1807 609 1888 Pharisyensis
632 1811 707 1881 (sic)
732 1824 830 1886 super
853 1809 1021 1884 evangelia
1040 1806 1247 1867 dominicalia
1270 1822 1327 1884 per
1349 1805 1504 1866 circulum
1522 1807 1597 1865 anni

200 1898 341 1973 scriptus
365 1911 421 1973 per
442 1894 689 1957 wenceslaum
712 1893 852 1955 llenrici
877 1895 918 1955 de
941 1891 1122 1954 Bukowan
1146 1897 1177 1954 et
1200 1897 1336 1954 cetera«

308 2001 426 2074 Utrique
456 2005 547 2058 asseri
577 2003 759 2072 adglutinata
789 2008 859 2056 sunt
882 2001 972 2057 chart.
996 2001 1157 2071 fragmenta
1179 2015 1376 2072 expensorum
1409 1999 1592 2070 quorundam

199 2090 302 2160 lingua
324 2091 490 2159 germanica
513 2089 754 2159 conscriptorum.

304 2254 392 2337 403
653 2255 725 2331 III.
754 2257 799 2332 A.
829 2254 889 2330 la.
913 2271 958 2334 (Υ.
977 2271 1012 2322 lr.
1032 2273 1055 2322 r.
1075 2287 1100 2322 n.
1121 2273 1173 2332 ra>

199 2397 308 2458 chart.
331 2413 418 2458 saec.
442 2391 511 2456 XV
518 2395 566 2478 ff.
588 2395 662 2470 503,
685 2396 726 2458 31
742 2396 826 2459 ><21
851 2414 914 2458 cm.
938 2399 955 2459 1
981 2415 1025 2458 m.

308 2517 329 2580 1.
364 2515 505 2578 1-300b
538 2516 676 2580 Nicolai
709 2517 751 2578 de
785 2516 877 2596 Lyra
909 2517 1055 2581 Postilla
1085 2534 1190 2597 super
1224 2523 1373 2595 quatuor
1408 2515 1598 2594 evangelia.

204 2603 375 2682 »(Q)uat0r
396 2603 498 2666 iacies
521 2609 596 2666 uni«
623 2607 656 2662 ><
682 2603 838 2683 »Explicit
861 2607 989 2682 postilla
1012 2622 1111 2683 super
1133 2604 1317 2666 Johannem
1341 2605 1427 2664 edita
1449 2621 1469 2663 a
1492 2603 1528 2664 fr.
1545 2600 1599 2663 Ni-

202 2693 295 2752 colao
319 2692 359 2752 de
384 2690 454 2752 Lira
478 2691 518 2751 de
542 2692 611 2751 ord.
634 2690 704 2751 irat.
729 2695 920 2752 minorum«

307 2794 327 2856 1.
351 2791 560 2856 301l-303a
594 2794 682 2872 llag.
712 2795 887 2857 lobannis
917 2795 959 2858 de
983 2791 1138 2858 Piibram
1160 2795 1404 2874 Fragmentum
1426 2798 1597 2855 tractatus

199 2880 423 2943 deecclesia.
469 2881 688 2959 »Explanacio
711 2887 928 2944 auctoritatis:
960 2886 1128 2962 evangelio
1160 2900 1225 2945 non
1250 2883 1426 2943 crederem.
1462 2880 1596 2960 Quinto-

202 2969 330 3029 decimo
353 2973 497 3046 arguitur
516 2986 574 3047 per
596 2973 819 3031 auctoritatem
843 2971 989 3038 ecclesie,
1014 2987 1077 3048 que
1101 2976 1152 3031 est
1168 2974 1270 3031 maior
1285 2973 1474 3030 auctoritate
1492 2984 1593 3046 pape«

201 3057 232 3110 ><
260 3053 346 3116 »Hec
370 3071 453 3134 mag.
478 3054 646 3117 Johannes
670 3055 811 3117 Pn'bram
843 3060 874 3117 in
906 3062 1042 3118 tractatu
1066 3074 1128 3118 suo
1152 3057 1194 3118 ad
1217 3061 1444 3134 argumentum
1468 3053 1527 3114 XV
1550 3071 1597 3114 re·

200 3141 395 3220 spondendo
427 3142 467 3202 de
498 3147 688 3203 auctoritate
719 3143 886 3204 ecclesie.»
912 3144 978 3215 (An
1008 3149 1087 3205 nota
1108 3161 1129 3204 a
1153 3145 1393 3205 bibliothecario
1418 3141 1451 3204 S.
1475 3141 1501 3202 J.
1526 3140 1596 3204 Cle-

201 3235 297 3289 ment.
330 3229 483 3306 operculo
517 3245 625 3307 super.
651 3233 804 3308 inscripta
831 3229 1079 3308 »Fragmentum
1103 3231 1261 3292 ecclesiae
1284 3228 1327 3290 ll.
1352 3227 1423 3289 Joh.
1449 3229 1489 3288 de
1515 3227 1596 3288 Przi-

200 3315 290 3374 bram
314 3321 365 3374 est
387 3319 574 3375 emissum«
600 3315 707 3376 referri
732 3316 849 3377 debeat
871 3317 913 3377 ad
937 3316 1013 3378 solia
1036 3319 1147 3378 ultima
1170 3317 1292 3378 codicis
1316 3319 1436 3387 excisa,
1461 3313 1596 3376 dubium

199 3405 274 3474 est.)

303 3569 394 3652 4⁰4
654 3574 726 3649 III.
754 3574 799 3650 A.
827 3573 889 3648 19.
912 3589 958 3654 (Υ.
977 3592 997 3642 1.
1015 3592 1041 3641 a.
1061 3606 1085 3642 u.
1107 3593 1159 3656 ra)

200 3711 307 3774 chart.
331 3727 417 3774 socc.
442 3711 479 3774 X
484 3711 513 3773 V
518 3713 564 3796 ff.
588 3712 662 3789 281,
683 3714 827 3777 31><22
849 3731 911 3778 cm.
935 3715 954 3776 1
980 3733 1024 3777 m.

306 3832 326 3894 1.
355 3833 453 3896 1-8“
477 3833 634 3913 (anepigr.)
664 3832 849 3913 Expositio
878 3836 1062 3900 decretalis
1097 3835 1276 3898 »Firmiter
1297 3834 1490 3897 credimus«
1517 3849 1597 3894 cum

198 3918 358 3998 registro.
382 3921 417 3994 (1.
445 3921 495 3982 1²:
522 3921 617 3982 »finis
641 3925 769 4000 capituli
793 3928 885 4002 primi
909 3925 977 3985 libri
1002 3925 1220 3996 decretalium,
1245 3938 1344 4000 super
1360 3938 1426 4000 quo
1441 3925 1502 3981 iste
1519 3921 1598 3980 liber

199 4009 305 4068 totalis
335 4015 386 4068 est
422 4009 662 4086 compilatus‹.)
696 4009 858 4072 »Firmiter
887 4012 1068 4072 credimus«
1103 4013 1136 4068 ><
1169 4009 1292 4088 »Apoh
1316 4009 1362 4071 lla
1388 4009 1414 4068 1.
1437 4006 1509 4069 Thi.
1534 4006 1594 4077 Vb,

199 4103 230 4154 et
254 4098 300 4154 sic
324 4099 375 4156 est
397 4095 472 4157 linis
495 4099 649 4174 registri«

307 4195 325 4258 1.
350 4193 469 4259 8⁸—9b
499 4197 633 4260 Errores
665 4200 865 4262 diversarum
897 4201 1080 4263 haeresum.
1115 4200 1221 4262 »Finis
1252 4218 1396 4262 errorum
1421 4201 1483 4260 sub
1507 4216 1595 4259 com-

199 4284 317 4362 pendio
341 4301 583 4363 expressorum,
608 4286 648 4346 de
672 4288 791 4364 quibus
815 4289 931 4348 melius
955 4293 985 4348 in
1010 4305 1141 4348 summa
1157 4293 1305 4367 sequenti
1322 4287 1592 4368 pertractabitur.‹

307 4384 326 4448 1.
354 4385 533 4449 102—255b
559 4389 690 4468 »Incipit
708 4388 889 4454 Tractatus
905 4390 986 4454 fidei
1008 4396 1131 4453 contra
1154 4392 1313 4454 diversos
1338 4408 1474 4453 errores
1490 4406 1597 4467 super

197 4473 338 4535 titulum
361 4474 403 4535 de
426 4491 454 4536 s.
478 4475 632 4539 trinitate
656 4482 691 4539 et
714 4476 781 4540 lide
804 4479 976 4541 catholica
998 4478 1035 4540 in
1056 4478 1299 4542 decretalibus
1324 4477 1487 4558 Quoniam
1511 4478 1595 4539 fides

198 4567 250 4620 est
273 4563 372 4622 totius
396 4564 570 4640 spiritualis
593 4564 709 4626 edificii
732 4564 1001 4626 tundamentum«
1027 4600 1069 4608 —
1092 4565 1113 4628 1.
1142 4567 1196 4628 14ι
1222 4565 1392 4647 »Sequens
1416 4581 1501 4643 opus
1518 4565 1595 4625 divi-

197 4647 282 4707 ditur
303 4651 335 4708 in
358 4653 423 4708 tres
453 4655 570 4728 partes
593 4650 628 4712 ln
652 4655 754 4729 prima
776 4657 881 4730 agitur
903 4653 943 4712 de
967 4654 1039 4727 hiis,
1065 4671 1128 4732 que
1152 4661 1301 4715 tenemur
1323 4653 1453 4714 credere
1477 4652 1518 4712 de
1549 4651 1595 4712 di·

197 4737 337 4807 vinitate,
368 4739 400 4796 in
433 4737 581 4797 secunda
604 4737 645 4797 de
669 4739 741 4812 hila,
765 4756 828 4819 que
853 4744 1001 4800 tenemur
1023 4737 1154 4802 credere
1178 4741 1219 4801 de
1242 4742 1442 4802 humanitate
1466 4737 1594 4809 Christi,

197 4821 314 4882 abinde
337 4837 443 4899 usque
467 4823 509 4882 ad
532 4821 631 4885 linem
652 4871 658 4886 .
679 4871 685 4885 .
706 4872 713 4886 .
732 4826 772 4885 de
796 4830 1010 4887 sacramentis
1023 4832 1055 4887 et
1070 4830 1140 4888 aliis
1157 4832 1351 4889 necessariis
1367 4827 1410 4887 ad
1423 4827 1591 4887 salutem.»

199 4909 230 4964 ><
256 4907 411 5074 »E3rplicit
442 4913 540 4970 tercia
570 4928 646 4989 pars
678 4912 718 4972 de
754 4918 997 4975 sacramentis«
1032 4913 1141 4993 (Opus
1171 4920 1222 4975 est
1245 4914 1422 4976 Benedicti
1445 4912 1593 4974 Massili-

197 5009 304 5056 ensis.

873 5223 919 5272 157
