4046 5972
1050 549 1110 609 156

484 757 603 829 Utrique
633 759 771 830 operculo
804 759 965 829 adligatum
994 766 1040 814 est
1073 761 1232 816 dissectum
1264 761 1382 815 membr.
1418 761 1644 814 instrumentum
1668 759 1778 829 publici

377 845 481 900 notarii
505 843 648 900 iohannis
671 844 824 917 Wallingh
848 848 883 900 de
906 846 1032 912 Borken,
1056 847 1105 918 qui
1128 846 1271 902 Thomam
1294 849 1330 902 de
1341 846 1458 901 Amelia
1480 861 1602 901 causam
1626 845 1776 900 Hensiini

376 930 520 986 iohannis
544 933 579 986 de
602 931 780 1003 Rokyczano
803 933 923 988 rectoris
945 934 1087 988 ecclesiae
1104 937 1133 988 in
1149 933 1314 989 Prostiborz
1329 935 1483 989 diremisse
1499 938 1622 988 testatur
1637 949 1663 988 a.
1685 932 1776 988 1412.

377 1016 522 1088 Opercuio
552 1033 648 1088 super.
679 1019 895 1090 adglutinatum
918 1026 963 1075 est
985 1019 1181 1090 fragmentum
1210 1021 1302 1076 chart.
1326 1019 1510 1074 instrumenti
1541 1018 1652 1090 publici
1674 1019 1778 1073 notarii

376 1104 505 1160 Heinrici
535 1104 625 1177 Reym
656 1108 691 1161 de
722 1105 869 1161 Swobach
898 1109 928 1162 in
958 1121 1051 1162 causa
1080 1106 1139 1162 litis
1170 1109 1325 1163 cuiusdam
1354 1107 1513 1177 conscripti
1543 1104 1720 1162 Ratisbonae
1751 1120 1779 1160 a.

382 1190 471 1257 1392,
494 1191 620 1247 inferiori
644 1207 713 1247 vero
737 1192 926 1263 fragmentum
950 1194 1041 1250 chart.
1065 1194 1220 1263 protocolli
1243 1193 1345 1249 iudicii
1368 1193 1495 1263 archiep.
1519 1191 1601 1263 Prag.
1615 1207 1692 1249 saec.
1710 1190 1780 1246 XIV

376 1293 421 1336 ex.
461 1277 563 1333 Codex
593 1293 670 1336 saec.
694 1276 750 1333 XV
772 1287 834 1334 erat
858 1287 984 1336 monast.
1016 1279 1245 1348 Borovanensis,
1270 1281 1374 1334 deinde
1397 1280 1593 1335 bibliothecae
1615 1279 1781 1334 Rosenber·

377 1365 468 1434 gicae,
491 1371 639 1435 postremo
663 1366 766 1421 iterum
790 1374 915 1423 monast.
940 1366 1071 1438 praefati.

484 1530 553 1614 156
968 1533 998 1608 Ι.
1025 1534 1075 1609 D.
1102 1534 1162 1608 16.

377 1671 485 1734 chart.
509 1689 596 1734 saec.
621 1671 690 1734 XV
704 1675 743 1756 ff.
765 1675 840 1748 312,
864 1675 1006 1740 29><21
1030 1694 1091 1737 cm.
1115 1677 1132 1736 1
1159 1694 1203 1736 m.

486 1792 620 1856 Nicolai
643 1796 685 1858 de
707 1795 947 1876 Dinkelspuel,
971 1802 1114 1861 doctoris
1137 1798 1346 1869 Viennensis
1363 1797 1550 1860 Sermones
1566 1797 1609 1858 de
1623 1801 1781 1872 tempore

378 1882 477 1942 etde
500 1881 644 1944 sanctis.
668 1883 689 1944 f.
718 1885 729 1943 1
761 1883 976 1948 »Benedictus
1007 1890 1061 1964 qui
1092 1890 1180 1946 venit
1210 1890 1243 1945 in
1267 1889 1399 1945 nomine
1422 1884 1544 1944 domini
1570 1931 1576 1944 .
1602 1908 1629 1942 .‹
1655 1882 1676 1943 1.
1700 1879 1781 1942 3121

381 1966 458 2026 »Per
481 1984 600 2029 manus
621 1968 796 2033 Johannis
825 1971 973 2036 Villani«
1007 1974 1083 2052 (alia
1113 1983 1245 2034 manua
1279 1968 1476 2032 »Sermones
1507 1968 1630 2030 Nicoiai
1653 1967 1781 2046 Tingei·

379 2055 460 2131 spigi
485 2055 627 2115 doctoris
650 2055 894 2120 Wiennensis‹.
928 2061 1009 2122 »lste
1033 2061 1111 2119 iiber
1133 2065 1184 2119 est
1206 2061 1394 2119 monasterii
1418 2056 1674 2118 Borowanensis
1696 2059 1778 2115 alias

378 2139 503 2287 {orbos
527 2145 558 2202 in
590 2142 713 2204 diocesi
736 2145 890 2225 pragensi
913 2149 1011 2207 datus
1035 2163 1092 2224 per
1114 2145 1282 2206 reverend.
1308 2149 1496 2221 magistrum
1521 2141 1713 2203 hlauricium
1738 2142 1778 2202 de

405 2243 590 2288 eneSSOW.‹

481 2334 591 2391 Deinde
614 2339 709 2392 codex
731 2339 761 2394 in
785 2339 1082 2410 bib1.R0senbergica
1105 2345 1176 2406 erat,
1199 2353 1236 2392 ex
1248 2353 1307 2409 qua
1322 2352 1401 2393 mon.
1414 2335 1544 2406 praefato
1557 2336 1708 2390 restitutus
1724 2341 1777 2390 est.

378 2419 530 2491 Opercuiis
552 2424 682 2494 adligata
704 2432 773 2480 sunt
796 2429 915 2484 membr.
940 2428 1100 2496 fragmenta
1123 2427 1276 2480 cuiusdam
1300 2423 1433 2478 breviarii
1468 2437 1545 2476 saec.
1570 2420 1648 2490 XIV,
1672 2423 1780 2493 quibus

377 2509 524 2577 glossator
546 2511 658 2566 codicis
681 2519 767 2568 notas
790 2513 897 2568 latinas
920 2521 948 2569 et
972 2514 1087 2570 bohem.
1110 2511 1242 2567 inseruit.

485 2697 553 2776 157
969 2698 999 2773 I.
1027 2699 1076 2772 D.
1105 2699 1164 2773 17.

379 2839 486 2898 cirurt.
509 2855 597 2900 succ.
619 2836 657 2899 X
664 2837 689 2896 V
696 2838 742 2920 ff.
767 2838 829 2901 199
853 2857 953 2910 terina,
975 2839 1020 2901 30
1035 2842 1064 2890 2<
1076 2838 1116 2900 21
1142 2855 1206 2898 cur.
1231 2836 1262 2897 ι1.
1288 2854 1330 2896 m.

486 2961 507 3022 f.
536 2961 690 3023 12—113·
712 2961 873 3041 (Antonii
896 2960 1112 3037 Parmensis)
1128 2958 1317 3021 Sermones
1336 2957 1413 3035 »qui
1429 2956 1653 3019 intitulantur
1664 2955 1782 3031 Cappa

378 3050 434 3111 vel
446 3049 581 3111 Aurum
603 3051 669 3112 sub
692 3047 804 3110 iimo«
826 3096 860 3110 ..
888 3047 990 3110 »Cum
1014 3051 1337 3127 appropinquasset.
1357 3092 1364 3104 .
1384 3091 1391 3106 .
1410 3041 1559 3123 Tempus
1581 3043 1670 3120 quod
1686 3042 1784 3102 hodie

378 3141 543 3215 incipitur«
570 3138 604 3195 ><
629 3138 825 3215 »perducere
857 3136 1034 3214 dignetur«
1061 3134 1139 3195 Pars
1170 3133 1223 3194 fol.
1252 3131 1311 3192 ll3
1336 3132 1463 3192 resecta
1485 3136 1545 3201 est,
1570 3133 1647 3190 item
1672 3131 1786 3189 excisa

380 3231 458 3286 sunt
480 3225 602 3304 aliquot
625 3224 702 3285 folia
725 3227 905 3301 sequentia.

488 3332 509 3392 f.
537 3327 733 3392 iia—146·
758 3327 961 3407 »Expliciunt
982 3325 1170 3387 Sermones
1183 3324 1225 3385 de
1238 3321 1428 3400 evangeliis
1441 3319 1708 3382 dominicalibus
1727 3334 1789 3396 per

379 3428 492 3484 totum
515 3433 645 3481 annum
669 3417 730 3494 (sic
753 3418 959 3493 incipientes:
983 3412 1104 3473 »Dicite
1123 3411 1185 3471 filie
1199 3408 1290 3489 Syon
1338 3457 1345 3470 .
1365 3456 1371 3471 .
1391 3407 1426 3468 ln
1438 3409 1546 3468 verbis
1564 3405 1784 3485 propositis«).

381 3509 469 3570 Finis
492 3507 588 3567 adest
610 3508 718 3582 operis
741 3503 876 3562 alleluia.
901 3501 1000 3578 (rubr.
1011 3509 1033 3574 ς)
1058 3498 1187 3560 Domini
1210 3497 1331 3558 hlathie
1355 3496 1395 3556 de
1419 3493 1663 3557 Chanvatecz.«

490 3610 511 3671 1.
539 3605 735 3669 147·-197·
757 3607 945 3668 Sermones
970 3603 1162 3666 festivales.

491 3715 511 3776 1.
540 3705 736 3774 1971-199δ
759 3710 948 3773 Sermones
972 3709 1015 3769 de
1037 3706 1221 3769 animabus
1244 3705 1281 3766 in
1305 3703 1375 3766 line
1398 3702 1524 3767 manci.
1550 3683 1553 3690 ⁴

492 3823 593 3878 Codex
616 3820 686 3876 bibi.
711 3819 952 3886 Rosenbergicae,
976 3815 1081 3870 deinde
1105 3821 1234 3870 monast.
1257 3811 1455 3868 Trebonensis
1478 3812 1543 3867 fult.

492 3990 562 4070 158
977 3983 1006 4058 I.
1034 3983 1083 4058 D.
1110 3983 1173 4057 18.

387 4133 494 4196 chari.
517 4147 604 4194 saec.
639 4125 708 4190 XV
732 4127 771 4210 ff
794 4127 869 4200 268,
891 4124 1035 4188 30)(20
1057 4141 1120 4186 cm.
1145 4124 1177 4184 rt.
1201 4139 1245 4182 m.

496 4253 517 4315 1.
545 4245 696 4313 1¹—26ib
718 4250 980 4312 Testamentum
1002 4245 1142 4309 Novum
1174 4245 1358 4322 (bohemica
1381 4239 1588 4320 glossatum).
1613 4239 1662 4318 (in
1686 4237 1791 4299 fronte

388 4344 409 4406 f.
437 4345 447 4404 l
477 4358 577 4402 manu
600 4355 687 4399 saec.
711 4336 797 4398 XVIi
820 4336 1012 4397 adnotatum
1036 4337 1102 4393 est:
1131 4331 1227 4392 »Pars
1252 4333 1342 4391 tertia
1359 4327 1581 4405 Bibliorum.·)

497 4446 517 4507 1.
542 4437 742 4505 toth—267·
763 4438 969 4520 (Alexandri
992 4440 1034 4499 de
1050 4434 1143 4498 Villa
1158 4434 1235 4511 Dei)
1255 4431 1418 4496 »Materia
1430 4431 1681 4509 capitulorum«
1700 4425 1794 4488 Novi

389 4530 611 4596 Testamenti.
634 4531 766 4591 Versus
797 4525 1020 4590 memoriales
1043 4539 1150 4586 manu
1174 4520 1297 4583 Crucis
1320 4521 1363 4583 de
1386 4519 1486 4582 Telcz
1509 4521 1631 4578 exarati
1656 4521 1687 4576 et
1711 4519 1793 4575 inter

390 4625 492 4683 lineas
527 4619 685 4698 explicati,
716 4632 856 4696 quorum
889 4614 932 4674 ad
963 4613 1086 4673 calcem
1121 4612 1250 4688 iegitur:
1289 4607 1348 4668 »Et
1382 4611 1428 4666 sic
1470 4612 1521 4666 est
1552 4605 1627 4665 linis
1652 4601 1795 4664 Concor·

392 4711 612 4770 dandarum·

499 4811 520 4872 f.
544 4809 622 4870 267·
644 4807 800 4870 Canones
824 4805 1097 4882 evangelistarum
1122 4801 1248 4860 decern.

501 4915 522 4978 1.
546 4909 624 4975 267⁶
648 4911 868 4974 Praefationes
891 4913 924 4970 in
947 4907 1103 4985 epistolas
1127 4921 1154 4964 s.
1179 4903 1279 4965 Pauli.

502 5021 523 5082 1.
547 5020 625 5081 268·
646 5016 750 5079 Notae
774 5015 936 5094 quaedam
961 5013 1002 5072 de
1025 5011 1234 5087 evangelistis
1259 5014 1291 5068 et
1313 5012 1467 5084 excerpta
1490 5007 1589 5063 varia.

1082 5235 1114 5283 58
