4040 5954
1026 507 1105 570 1307

471 721 554 780 Saec.
577 719 633 775 XV
656 736 713 790 ex„
737 727 769 776 ut
791 722 878 775 docet
901 726 972 775 nota
994 721 1024 775 in
1048 719 1209 789 fragmento
1233 720 1393 776 membran.
1428 722 1494 774 cod.
1518 719 1691 791 praeligato,
1715 734 1765 774 co-

367 810 423 863 dex
446 814 507 863 erat
530 809 699 863 monasterii
723 808 750 863 b.
773 806 883 862 Mariae
906 813 935 860 et
958 822 983 862 s.
1008 807 1152 862 lobannis
1183 808 1245 863 ord.
1282 821 1389 861 canon.
1427 808 1516 876 regul.
1552 821 1641 877 prope
1676 804 1766 876 Sege-

367 896 453 965 berge
476 895 622 950 dioecesis
644 893 835 961 Lubecensis,
859 893 966 948 deinde
990 895 1096 948 domus
1119 892 1270 965 professae
1294 892 1324 950 S.
1349 892 1374 948 J.
1401 895 1439 947 ad
1463 893 1493 948 S.
1520 891 1675 948 Nicolaum
1697 892 1766 947 Pra-

367 997 476 1051 gensis.

472 1129 567 1211 1307
995 1129 1071 1206 VII.
1099 1129 1142 1204 Ε.
1170 1131 1231 1205 18.

366 1272 475 1333 chart.
499 1288 585 1332 saec.
609 1269 696 1331 XIV
705 1268 755 1348 ff.
779 1270 845 1332 185
866 1289 970 1346 num„
993 1271 1203 1333 21·5><15·5
1222 1289 1284 1332 cm.
1314 1272 1333 1332 l
1357 1289 1401 1332 m.

470 1391 490 1451 f.
519 1390 653 1452 1³-322
676 1389 887 1468 (Engelberti
911 1390 1044 1453 abbatis
1068 1391 1335 1470 Admontensis)
1360 1389 1643 1452 Commentarius
1660 1406 1767 1467 super

366 1478 428 1540 XII
451 1478 660 1555 antiphonas
690 1476 929 1539 adventuales.
967 1477 1118 1538 »laudes
1153 1485 1185 1538 et
1219 1495 1343 1556 preces,
1379 1495 1444 1556 que
1479 1495 1499 1537 a
1532 1477 1706 1539 fidelibus«
1735 1481 1767 1532 ><

370 1567 523 1644 »gloriam
548 1565 579 1624 in
602 1563 741 1626 futuro«

471 1652 491 1713 i.
514 1647 677 1710 32¹2—43b
700 1648 899 1727 (Eiusdem)
923 1649 1105 1711 Tractatus
1128 1651 1169 1712 de
1193 1651 1305 1728 gratia
1328 1650 1535 1712 salvationis
1565 1655 1600 1712 et
1631 1648 1768 1711 iustitia

371 1737 617 1799 damnationis.
644 1735 778 1797 ›Judica
800 1737 917 1797 michi«
946 1738 984 1813 ><
1012 1737 1125 1797 »sileat
1148 1745 1179 1798 et
1202 1738 1379 1817 quiescat«

472 1824 493 1886 f.
517 1823 681 1883 442-472
703 1821 868 1884 Eiusdem
891 1822 1070 1885 Tractatus
1095 1841 1200 1901 super
1230 1825 1420 1901 antiphona
1457 1823 1565 1885 »Cum
1599 1839 1664 1884 rex
1696 1823 1767 1900 glo·

368 1911 470 1972 riae«
498 1909 568 1970 »De
591 1911 644 1969 illo
668 1911 829 1986 glorioso«
860 1913 896 1984 ><
926 1911 1170 1971 »venerabiliter
1192 1911 1425 1989 acceptanda«

472 1997 493 2059 i.
516 1993 575 2055 4712
599 1995 784 2072 Registrum
808 1993 1043 2058 Commentarii
1066 2014 1167 2075 super
1188 1997 1244 2058 XII
1267 1998 1479 2075 antiphonas,

473 2083 493 2145 i.
517 2079 702 2143 49a-130u
725 2081 891 2143 Eiusdem
914 2081 1097 2144 Tractatus
1123 2087 1164 2145 de
1187 2084 1261 2145 vita
1285 2090 1319 2144 et
1340 2083 1531 2144 virtutibus
1555 2083 1676 2144 beatae
1698 2080 1768 2142 vir·

368 2170 469 2248 ginis
509 2169 658 2229 »Letetur
680 2169 790 2229 anima
813 2176 940 2229 vestra«
970 2173 1001 2225 ><
1028 2176 1158 2231 »eterne
1183 2171 1394 2231 beatitudinis
1418 2171 1450 2231 in
1474 2171 1562 2230 celis.
1587 2167 1686 2248 Quod
1709 2185 1764 2228 no-

369 2257 438 2317 bis«
465 2263 524 2315 etc.
549 2254 657 2328 (Edid.
682 2256 746 2315 Pez
770 2255 930 2318 Anecdot.
955 2263 1045 2317 tomo
1062 2256 1097 2334 l).

477 2343 497 2404 i.
526 2343 726 2403 1812-184·
752 2341 936 2418 Registrum
962 2343 1071 2420 operis
1097 2343 1334 2421 praecedentis

472 2429 492 2489 i.
521 2426 722 2490 wib—185²
747 2427 835 2488 »Hee
859 2430 1049 2507 antyphone
1074 2437 1152 2490 sunt
1176 2430 1357 2507 incipiende
1382 2434 1414 2490 in
1439 2429 1597 2492 secundis
1620 2433 1768 2507 vesperis

369 2533 395 2578 s,
422 2515 520 2576 Lucie
543 2515 708 2593 virgnis«

478 2623 623 2693 Operculo
659 2637 756 2692 super.
791 2621 920 2691 adligata
954 2629 1023 2676 sunt
1056 2625 1115 2677 duo
1150 2622 1219 2680 lolia
1250 2625 1370 2679 membr.
1402 2623 1516 2678 codicis
1538 2622 1665 2690 liturgici
1689 2636 1768 2679 saec.

368 2709 558 2772 XIII-XIV,
582 2711 690 2779 quibus
714 2711 901 2764 continentur
923 2709 1065 2764 lectiones
1090 2713 1124 2764 de
1149 2711 1299 2765 miraculis
1323 2727 1347 2766 s.
1372 2710 1520 2778 Udalricl;
1543 2711 1683 2779 operculo
1699 2723 1770 2763 vero

369 2797 450 2853 infer.
476 2798 535 2850 duo
559 2795 630 2850 iolla
654 2796 773 2852 membr.
798 2795 874 2850 alius
898 2795 1010 2850 codicis
1033 2796 1159 2866 liturgici
1183 2812 1260 2854 saec.
1293 2792 1372 2852 XIII.
1407 2797 1440 2852 In
1474 2796 1568 2850 fronte
1602 2795 1650 2851 iol.
1687 2795 1770 2851 inter.

370 2884 549 2938 rubricatum
572 2889 634 2939 est:
676 2881 780 2936 »Liber
809 2880 928 2936 Martini
958 2885 994 2937 de
1018 2881 1249 2953 Weissmberg.«
1276 2883 1368 2938 Nobis
1391 2899 1460 2938 vero
1484 2884 1589 2952 obtigit
1613 2884 1707 2937 codex
1732 2898 1770 2937 ex

371 2971 496 3040 collegio
521 2969 549 3026 S.
575 2969 599 3023 J.
631 2967 827 3023 Bieznicensi.

474 3118 573 3200 1300
947 3117 1028 3194 VII.
1057 3119 1100 3194 E.
1133 3121 1190 3194 19.

371 3261 480 3322 chart.
503 3276 590 3320 saec.
614 3256 738 3320 XVIII
746 3257 791 3338 ff.
814 3257 888 3335 200,
904 3259 1047 3322 20)(16
1059 3278 1121 3320 cnr.
1144 3260 1163 3322 1
1190 3278 1233 3320 m.

391 3380 550 3458 Epitome
573 3379 794 3442 comitiorum
817 3379 1319 3546 inB⁰hemia1ffiiefm⁰mm
1344 3382 1401 3459 (ab
1425 3399 1455 3444 a.
1479 3380 1543 3443 722
1566 3398 1677 3459 usque
1701 3381 1745 3442 ad

983 3485 1013 3529 a.
1035 3491 1039 3500 ·
1129 3519 1135 3529 .

473 3582 505 3637 ln
529 3583 620 3638 [ronte
643 3582 661 3640 i.
690 3586 721 3638 1³
745 3588 918 3638 annotatum
940 3590 1001 3639 est:
1050 3583 1153 3645 »llilit
1181 3586 1292 3640 ordinis
1318 3584 1541 3656 Crucigerorum
1569 3601 1635 3640 curn
1658 3585 1767 3639 rubaea

370 3670 455 3726 stella
478 3671 612 3740 catalogo
637 3670 795 3740 inscriptus
820 3669 927 3740 Pragae
950 3686 977 3724 a.
1006 3672 1117 3728 1727.‹

474 3837 570 3918 1300
952 3837 1036 3912 VII.
1064 3838 1107 3913 E.
1135 3839 1196 3914 20.

370 3979 477 4039 chart.
507 3993 593 4039 saec.
620 3971 798 4038 XVII-X
805 3976 885 4039 VIII
894 3975 942 4055 fs.
967 3977 1041 4052 172,
1063 3978 1206 4040 20)(16
1227 3997 1289 4039 cnr.
1311 3981 1329 4041 1
1361 3999 1402 4040 m.

667 4097 920 4160 »Consiliorum
943 4099 1148 4161 bellicorum
1170 4101 1257 4162 liber
1278 4101 1316 4162 11.
1341 4109 1376 4164 et
1397 4099 1471 4162 III.«

477 4213 521 4268 Ex
556 4215 626 4270 bibl.
662 4222 825 4270 conventus
867 4215 898 4272 S.
934 4214 1104 4272 Wenceslai
1139 4218 1249 4272 eremit.
1281 4218 1404 4277 discalc.
1438 4232 1463 4274 s.
1498 4219 1656 4289 Augustini
1693 4217 1768 4274 Neo·

370 4301 500 4372 Prageni

476 4450 557 4532 1310
604 4451 670 4532 lali
892 4451 974 4529 VII.
1002 4453 1045 4528 Ε.
1073 4454 1122 4528 21
1152 4478 1177 4528 a
1205 4457 1237 4528 a
1264 4455 1296 4528 b.

370 4593 479 4653 clrart.
504 4612 537 4655 a.
560 4592 648 4656 1729
668 4593 706 4675 ff.
729 4595 804 4667 316,
826 4593 869 4655 20
883 4596 921 4672 ><
935 4596 979 4656 16
1000 4613 1063 4656 cna
1087 4595 1104 4656 1
1131 4615 1174 4658 m.

405 4713 573 4793 (Philippi
597 4713 799 4794 Reinbardi)
823 4713 1204 4882 Vitriariiffliletfftyafd
1227 4717 1285 4780 ius
1308 4716 1494 4795 publicum.
1518 4717 1590 4780 Lib.
1616 4717 1653 4796 (1.
1678 4717 1732 4796 11.)

478 4925 530 4980 Est
552 4927 662 4982 lectura
686 4927 716 4982 in
739 4929 846 4982 librum
871 4929 1004 4983 eiusdem
1028 4930 1157 4984 auctoris
1193 4934 1271 5001 typis
1308 4933 1500 5001 impressum:
1551 4929 1772 4987 »Institutiones

365 5013 441 5084 juris
464 5013 573 5084 publici
597 5013 912 5070 Romano-Germanici
943 5016 1101 5084 salectano,
1149 5033 1273 5088 quarum
1307 5017 1397 5073 editio
1432 5033 1508 5072 nova
1540 5018 1648 5088 prodiit
1678 5016 1771 5087 Lugd.

1045 5237 1096 5287 504
