3996 5954
999 537 1080 598 1058

442 748 461 810 l.
487 743 691 810 288¹1-295b
715 746 767 808 Fr.
801 746 975 809 iohannis
1008 743 1206 823 capistraui
1228 745 1271 806 ad
1292 742 1542 816 Everhardum.
1576 761 1737 823 praepos,

338 833 504 912 Magdeb„
529 835 677 913 epistola
700 835 741 895 de
765 833 967 895 adoratione
991 838 1027 894 et
1049 831 1227 894 miraculis
1250 833 1331 894 data
1352 848 1383 893 a.
1409 829 1503 907 1452,
1525 829 1582 892 v1.
1605 830 1685 893 Nov

441 939 463 1001 i.
487 935 691 1000 295b-3l5b
714 941 873 1014 (anepigr.)
895 935 1086 1000 Everhardi
1108 935 1300 1014 praepositi
1316 935 1534 1014 Magdcburg.
1555 935 1738 998 Tractatus

339 1027 380 1086 de
404 1025 609 1088 adoratione
632 1025 824 1105 (reprobans
848 1025 1003 1086 miracula
1024 1022 1281 1101 Wilsnacensia)
1315 1027 1347 1083 in
1371 1023 1437 1084 fine
1472 1039 1620 1083 mancus
1669 1021 1738 1082 »De

338 1112 533 1174 adoraclone
557 1119 715 1191 quantum
738 1116 923 1172 concernit«
950 1111 990 1189 ><
1018 1110 1078 1170 »ad
1102 1110 1273 1188 epistolam
1305 1113 1437 1188 pretacti
1469 1113 1567 1187 patris
1602 1126 1738 1188 respon·

339 1199 434 1272 dcb0,
459 1217 522 1277 que
546 1201 618 1260 talis
645 1207 725 1260 est<

442 1322 519 1378 Nota
541 1326 570 1379 in
594 1324 685 1380 fronte
708 1322 757 1380 sol.
787 1325 837 1377 1⁸:
863 1322 1068 1377 »Residentlae
1091 1320 1159 1378 Soc.
1183 1319 1252 1375 Jesu
1276 1321 1313 1374 ad
1337 1319 1460 1375 Matrem
1482 1319 1656 1375 Dolorosam
1681 1322 1738 1375 sub

340 1409 491 1481 Grupna«

394 1659 399 1674 ,
446 1577 547 1659 1058
944 1577 1007 1652 VI.
1037 1576 1080 1652 B.
1107 1575 1171 1652 24.

339 1719 446 1780 chart.
470 1736 555 1780 saec.
579 1718 667 1780 XVI
681 1719 722 1801 ff.
743 1720 817 1789 335,
840 1721 880 1782 31
895 1717 980 1779 ><21
998 1735 1061 1778 cm.
1084 1716 1116 1777 d.
1140 1733 1183 1776 m.
1208 1732 1285 1776 cum
1309 1713 1380 1775 init.
1399 1712 1476 1793 pict.

340 1838 512 1902 Graduale
535 1839 884 1904 latino-bohemicum
907 1838 1002 1901 notis
1026 1837 1171 1899 musicis
1195 1837 1418 1899 instructum.
1462 1829 1669 1915 maumonii
1692 1835 1740 1896 la·

673 1923 797 2007 tinsky'
820 1945 838 1989 e
862 1919 1063 2004 ntktery'mi
1084 1915 1195 2003 zpdvy
1218 1916 1403 2002 deskffmi.)

443 2052 545 2108 Literis
569 2052 631 2108 init.
655 2054 741 2123 pictis
764 2055 877 2123 passim
899 2053 1041 2122 inscripta
1063 2055 1133 2106 sunt
1156 2048 1277 2103 nomina
1299 2047 1528 2112 benefactorum,
1551 2047 1601 2117 qui
1624 2049 1654 2101 in
1678 2047 1735 2102 lib·

341 2155 403 2193 rum
427 2141 631 2194 exornandum
654 2145 789 2210 sumptus
813 2139 951 2194 lecemnt.
974 2136 1052 2194 Nota
1074 2136 1212 2208 operculo
1235 2134 1378 2205 superiori
1408 2134 1550 2205 inscripta
1582 2134 1676 2188 cultro
1698 2132 1743 2186 vi·

340 2228 412 2280 tiata
434 2228 591 2282 edocemur
613 2228 744 2282 codicem
768 2243 785 2280 a
808 2226 936 2297 quodam
967 2223 1094 2293 Georgio
1128 2222 1321 2278 baccalaureo
1357 2219 1427 2276 olim
1460 2227 1626 2290 reparatum
1660 2234 1738 2275 esse.

341 2311 479 2368 Codicem
502 2313 646 2383 prolixius
670 2328 781 2368 recens.
805 2313 923 2384 Dreves,
947 2310 1110 2366 Cantiones
1133 2309 1249 2364 bohem.
1273 2325 1301 2379 p.
1330 2307 1377 2366 18.

450 2481 547 2563 1059
958 2479 1022 2554 Vl.
1052 2477 1088 2553 C.
1116 2477 1151 2552 1.

340 2623 450 2686 chari.
473 2639 560 2684 saec.
584 2617 854 2683 XVII-XVIII
860 2619 907 2702 ff.
930 2619 984 2693 22¹,
1005 2619 1048 2680 37
1065 2618 1153 2679 ><22
1174 2635 1238 2678 cm.
1261 2617 1278 2678 l
1305 2634 1349 2679 m.

340 2745 375 2808 P.
399 2745 581 2824 Theophili
613 2743 824 2817 Kherbaum,
855 2744 927 2805 ord.
959 2739 1106 2844 Cisterc.
1130 2738 1257 2802 Plassii
1289 2738 1452 2818 professi,
1497 2736 1638 2801 'labella
1658 2755 1743 2817 gno-

965 2844 1111 2891 momca

446 2956 515 3012 Sine
539 2959 629 3012 dubio
653 2972 668 3009 e
693 2955 872 3011 monasterio
895 2953 1054 3009 Plassensi.

450 3141 549 3223 1060
812 3213 817 3222 ,
948 3137 1011 3214 VI.
1040 3139 1077 3214 C.
1105 3138 1141 3213 2.

343 3282 461 3437 {har}
476 3299 509 3428 cta.
532 3282 619 3344 1740
631 3280 681 3360 fs.
704 3281 747 3342 54
770 3279 824 3360 (.-.·
837 3280 902 3343 108
919 3279 1118 3360 pugnum),
1141 3279 1186 3340 36
1202 3281 1230 3332 ><
1242 3279 1361 3339 22cm.
1388 3280 1404 3339 l
1430 3295 1473 3339 m.
1505 3294 1583 3338 cum
1605 3275 1743 3354 insigni·

365 3387 406 3430 us
448 3385 530 3430 τοις.

447 3507 519 3568 pag.
549 3491 649 3551 1-17
673 3489 918 3553 Denominatio
934 3494 970 3551 et
985 3485 1204 3550 confirmatio
1222 3485 1411 3566 Augustini
1430 3484 1582 3548 Thomae
1595 3463 1744 3562 §ticika

344 3577 458 3638 decani
489 3583 646 3639 canoniae
682 3576 912 3650 CarloviensiS,
947 3575 984 3637 io
1005 3574 1244 3654 praepositum
1265 3571 1580 3651 lngclhcimcnsem
1601 3589 1632 3636 a
1650 3569 1744 3634 1740.

447 3699 519 3760 pag.
548 3681 674 3742 19-20
702 3679 842 3742 Nomina
871 3684 1105 3742 canonicorum
1142 3683 1174 3739 in
1212 3681 1353 3739 canonia
1386 3677 1584 3738 Carloviensi
1622 3677 1743 3755 Pragae

344 3777 419 3829 tunc
446 3770 666 3830 residentium.

346 3963 352 3973 ⁵
448 3890 518 4019 pag.
543 3872 671 3934 21-22
695 3872 825 3950 Insigne
849 3874 1025 3950 praepositi
1050 3869 1316 3947 lngelhelmensis
1350 3872 1471 3947 pictum
1497 3874 1529 3929 et
1552 3870 1743 3929 deauratum

344 3977 376 4019 m
400 3976 485 4020 mem
512 3977 599 4020 rana.

448 4097 521 4158 pag.
545 4080 667 4141 25-61
695 4079 883 4158 Privilegia
905 4096 946 4142 ac
968 4075 1164 4139 maiestalia
1185 4093 1277 4139 caes.
1300 4081 1336 4138 et
1358 4092 1427 4155 reg.
1451 4075 1643 4156 diplomata
1665 4075 1746 4138 iun-

344 4165 495 4228 dationis
518 4165 781 4246 praepositurae
804 4164 1092 4245 lngelheimensis
1116 4164 1159 4224 ad
1181 4161 1341 4226 Rhenum
1365 4212 1372 4225 .
1398 4212 1405 4225 .
1429 4161 1564 4226 inserta
1597 4168 1633 4226 et
1659 4161 1746 4226 vidi·

345 4257 439 4314 mata
460 4271 523 4332 per
544 4253 779 4332 angustinum
800 4252 969 4315 Thomam
1000 4229 1138 4314 §ticdka
1163 4301 1168 4312 .
1194 4249 1496 4330 ..praepositum
1529 4267 1559 4312 a.
1594 4247 1746 4314 (1.1740.

344 4340 392 4414 (ln
416 4357 488 4418 pag.
514 4341 554 4401 27
579 4346 717 4402 occurrit
740 4345 866 4418 insigne
890 4340 1019 4418 capituli
1043 4337 1313 4416 ingelheimensis
1345 4342 1466 4416 pictum
1499 4345 1530 4398 et
1554 4339 1744 4398 deauratum

345 4432 376 4488 in
401 4429 615 4503 membrana.)

449 4549 522 4610 pag.
546 4531 697 4594 62-108
720 4549 844 4594 vacuae
869 4538 955 4593 sunt.

448 4657 644 4714 Instrumenta
666 4661 695 4715 in
718 4675 785 4730 pag.
814 4659 915 4714 1-17
940 4663 1009 4712 sunt
1031 4655 1196 4726 originalia,
1220 4671 1310 4711 manu
1334 4655 1451 4727 propria
1473 4653 1603 4710 Thomas
1619 4651 1744 4710 loannis

346 4745 461 4799 abbatis
484 4743 684 4802 Carlovicnsis
707 4761 762 4802 nec
786 4762 845 4802 non
868 4744 999 4801 Thadaei
1022 4741 1191 4812 Schwaiger
1213 4743 1404 4814 protonotarii
1440 4743 1609 4812 subscripta
1642 4747 1670 4794 et
1703 4743 1743 4795 si·

345 4832 422 4900 gillis
446 4835 606 4916 eorundem
629 4834 827 4902 communita;
851 4831 1003 4904 privilegia
1024 4844 1093 4885 vero
1117 4827 1148 4884 in
1171 4844 1237 4900 pag.
1264 4829 1387 4885 25-οΙ
1414 4833 1484 4884 sunt
1506 4827 1624 4900 copiata
1647 4832 1676 4881 et
1696 4842 1748 4897 per

346 4919 381 4975 A.
405 4917 457 4975 Th.
481 4917 609 4989 suella,
633 4925 832 4992 praepositum
855 4926 884 4974 et
905 4919 1137 4990 protonotarium
1163 4917 1359 4988 apostolicum
1384 4915 1537 4972 vidimata.
1575 4913 1677 4971 Codex
1699 4913 1747 4970 hic

346 5009 408 5063 sine
433 5007 522 5064 dubio
546 5022 561 5061 e
585 5008 712 5063 canonia
734 5006 920 5063 Carloviensi
943 5006 1088 5078 provenit.

1022 5223 1074 5273 438
