4046 5972
896 537 938 598 99

318 753 482 823 Responsio
505 751 589 820 haec,
613 765 701 822 quani
725 765 761 804 ex
785 750 843 805 elio
867 750 968 804 codice
992 750 1068 805 edid.
1093 747 1214 804 Loserth
1229 747 1338 804 Archiv
1354 746 1372 804 i.
1390 747 1490 802 bsterr.
1509 746 1614 804 Gesch.

214 841 268 909 75,
291 840 353 896 344
376 855 431 910 sq„
455 840 565 909 scripta
587 843 632 892 est
655 842 758 893 contra
776 835 1008 906 »Replicationes
1023 835 1284 904 Wiclelistarum«,
1301 850 1375 907 quas
1392 833 1469 892 edid.
1487 832 1614 904 Palacky'

215 927 340 984 Ducum.
364 943 392 997 p.
416 925 491 981 495.

319 1110 371 1192 W
826 1105 983 1182 ica

213 1253 324 1314 chart.
348 1270 381 1313 a.
404 1251 491 1314 1392
502 1250 548 1332 ff.
573 1251 639 1312 115
658 1267 762 1320 reuera,
784 1246 929 1310 30><20
950 1265 1013 1308 cm.
1038 1249 1056 1308 1
1081 1266 1125 1308 m.

318 1371 421 1435 Liber
443 1369 649 1434 eruditionis
671 1367 867 1448 principum
889 1367 1056 1447 (Thorm
1079 1368 1122 1432 de
1143 1368 1308 1448 Aquino).

319 1477 340 1538 l.
368 1478 400 1538 1⁸
425 1476 557 1553 »Incipit
580 1477 735 1554 prologus
759 1522 767 1536 .
792 1522 799 1534 .
825 1521 831 1534 .
856 1471 940 1535 Cum
958 1490 1033 1552 pars
1057 1474 1187 1534 illustris
1211 1475 1348 1534 ecclesie
1365 1477 1407 1534 sit
1422 1479 1515 1534 cetus
1532 1477 1616 1551 prin-

214 1571 343 1643 cipum·
370 1567 402 1622 ><
425 1563 447 1624 t.
476 1563 551 1624 115·
578 1562 734 1640 »Explicit
767 1561 845 1622 liber
878 1561 1074 1621 erudicionis
1102 1563 1292 1639 principum.
1317 1559 1515 1621 Benedictus
1532 1560 1615 1620 deus

215 1656 269 1730 qui
294 1655 412 1729 incepit
435 1661 467 1710 et
489 1650 663 1727 complevit
685 1648 801 1708 Amen.
826 1647 1097 1708 Perberonenses.
1122 1647 1218 1707 Anno
1242 1647 1273 1708 d.
1302 1646 1382 1706 1392
1406 1645 1518 1708 linitus
1541 1647 1619 1707 feria

215 1742 328 1816 quinta
351 1743 427 1815 post
449 1736 570 1797 testum
593 1735 830 1814 penthecosten
847 1750 904 1812 per
917 1733 1082 1795 Bartham
1104 1733 1218 1795 Beron
1244 1781 1250 1794 .
1276 1781 1283 1794 .
1310 1761 1334 1793 .«
1362 1737 1484 1808 (cetera
1500 1740 1617 1806 erasa).

215 1823 324 1903 (Opus
347 1824 410 1883 hoc
434 1823 475 1883 ab
499 1824 570 1883 aliis
593 1821 753 1882 Guilelmo
778 1820 912 1880 Peraldo
936 1825 968 1881 et
990 1819 1039 1880 Fr.
1064 1819 1210 1880 Huberto
1234 1820 1303 1880 ord.
1329 1819 1438 1898 praed.
1463 1824 1619 1899 magistro

215 1911 418 1982 attribuitur).

320 2015 422 2072 Codex
445 2032 524 2074 saec.
561 2015 616 2070 XV
647 2021 772 2072 monast.
804 2013 1011 2084 TiebonensiS,
1045 2017 1113 2071 dein
1136 2017 1206 2072 bibl.
1232 2016 1475 2086 Rosenbergicae,
1499 2031 1537 2070 ex
1556 2016 1620 2085 'qua

214 2103 368 2158 restitutus
391 2110 517 2161 monast.
543 2103 673 2173 praelato
696 2109 846 2174 postremo
870 2103 907 2156 ad
930 2117 985 2156 nos
1009 2105 1148 2173 pervenit.

320 2286 374 2370 w
829 2286 984 2364 toa

216 2427 359 2489 membr.
384 2431 415 2488 ct
436 2429 545 2490 chart.
567 2445 655 2489 saec.
680 2425 717 2488 X
720 2426 749 2487 V
756 2427 803 2510 ff.
827 2427 902 2502 221,
922 2427 1065 2490 30><22
1087 2445 1150 2488 cm.
1173 2427 1191 2488 1
1217 2446 1262 2490 m.

318 2547 489 2610 Homitiae
519 2547 835 2626 quadragesimales
865 2547 1084 2609 diversorum
1106 2547 1165 2610 SS.
1188 2553 1337 2627 patrum.
1372 2549 1529 2628 (Maioris
1553 2549 1620 2612 col·

215 2633 379 2698 lectionis
401 2651 483 2714 pars
505 2633 556 2710 11.,
579 2641 615 2696 ut
638 2636 734 2697 docet
755 2641 834 2696 nota
857 2639 888 2694 in
912 2635 1065 2713 operculo
1090 2640 1271 2712 superiori.)

319 2739 340 2800 i.
369 2739 400 2798 1²
428 2738 537 2800 »Feria
559 2745 674 2817 quarta
697 2739 762 2813 (die
786 2743 945 2811 cinerum)
973 2736 1089 2799 Omilia
1116 2737 1150 2800 S.
1178 2740 1370 2819 Augustini«
1398 2787 1404 2800 .
1431 2787 1437 2801 .
1463 2739 1620 2802 .t.221a

221 2824 386 2887 »Sabbato
410 2827 543 2904 pasche.
569 2823 684 2888 Sermo
708 2827 739 2886 b.
762 2825 910 2888 leronimi
934 2826 1061 2903 presb.‹
1083 2873 1090 2888 .
1111 2874 1117 2888 .
1137 2875 1144 2888 .
1164 2826 1329 2905 (Explicit)
1356 2825 1529 2888 »Secunda
1544 2843 1620 2905 pars

217 2914 407 2974 omeliarum
430 2931 451 2973 a
469 2917 573 2991 capite
597 2917 735 2974 ieiunii«.
760 2916 851 2985 (rubr.
865 2916 888 2985 ε)
914 2911 1027 2972 »Liber
1049 2919 1236 2974 monasterii
1260 2914 1380 2974 domus
1404 2911 1437 2974 S.
1461 2913 1564 2992 Egidii
1588 2917 1620 2972 in

216 2997 370 3061 Trzebon
393 2999 473 3060 alias
497 3003 530 3060 in
551 2998 730 3078 Witignaw
746 3003 977 3060 canonicorum
999 2999 1097 3077 regul.
1114 3000 1183 3060 ord.
1201 2998 1234 3062 S.
1252 3002 1425 3080 Augustini
1443 3004 1616 3079 episcopi«

322 3105 354 3163 ln
378 3099 517 3178 operculo
540 3107 666 3162 interiori
689 3107 762 3162 haec
785 3113 856 3161 nota
878 3108 1021 3162 occurrit:
1048 3106 1102 3164 »Α.
1116 3109 1145 3166 d.
1164 3109 1243 3164 1442
1268 3125 1370 3164 mense
1393 3107 1464 3164 Maii
1486 3116 1620 3179 portatus

218 3197 319 3266 perd.
343 3192 374 3250 L.
406 3193 490 3248 Liber
519 3194 691 3249 omeliarum
722 3193 856 3264 acapite
885 3194 986 3248 ieiunii
1016 3209 1109 3264 usque
1140 3196 1252 3266 pascha
1274 3202 1401 3252 monast.
1425 3198 1455 3250 in
1478 3193 1620 3250 Traiebon

218 3281 347 3336 diocesis
370 3279 544 3352 Pragensis‹
570 3282 681 3351 (cetera
703 3281 797 3350 legere
821 3295 881 3335 non
903 3281 1079 3350 potuimus).
1104 3280 1147 3336 Ex
1170 3290 1297 3341 monast.
1321 3281 1501 3337 Tiebonensi
1525 3284 1620 3336 codex

219 3375 319 3424 noster
348 3369 378 3422 in
409 3369 481 3424 bibl.
511 3368 756 3438 Rosenbergicem
779 3366 917 3438 pervenit,
942 3369 1020 3422 unde
1050 3370 1201 3424 restitutus
1224 3377 1372 3440 postremo
1396 3370 1483 3424 nobis
1506 3369 1619 3438 obtigit.

323 3551 375 3634 Μ
831 3550 988 3627 [08

218 3694 329 3754 chart.
351 3709 439 3754 saec.
463 3689 533 3753 XV
539 3692 588 3774 ff.
610 3692 675 3756 200
696 3711 801 3768 num„
822 3694 966 3756 31><22
987 3711 1050 3756 cm.
1073 3693 1095 3756 4
1117 3713 1162 3756 m.

321 3813 342 3875 i.
370 3809 489 3874 l--21lb
511 3812 692 3877 Tractatus
716 3815 758 3877 de
781 3814 900 3877 decem
922 3815 1128 3894 praeceptis,
1155 3817 1259 3877 »Audi
1283 3816 1380 3879 lsrael
1395 3825 1548 3896 precepta
1564 3819 1621 3878 do-

220 3905 316 3962 mini«
332 3902 365 3958 Χ
380 3905 556 3963 ›iactancia
586 3900 704 3979 spoliat
737 3902 903 3963 hominem
934 3921 954 3963 a
987 3907 1096 3981 gracia
1119 3903 1170 3964 dei
1193 3910 1225 3964 et
1247 3911 1385 3965 cetera«
1410 3904 1548 3978 (Auctor
1570 3911 1621 3966 est

219 3987 392 4049 Henricus
414 3986 457 4050 de
478 3986 670 4063 Frimaria).

324 4089 345 4153 l.
369 4091 551 4152 252—1892
573 4089 730 4170 Gregorii
751 4108 859 4171 papae
878 4092 904 4156 1.
925 4091 1072 4154 Moralia
1093 4109 1157 4155 seu
1172 4093 1346 4172 expositio
1361 4095 1398 4156 in
1411 4095 1540 4157 librum
1554 4094 1621 4158 Job

219 4178 361 4257 (absque
385 4179 568 4252 divisione).

321 4282 343 4343 t.
371 4279 572 4343 1901-200b
595 4281 761 4362 (Thomas
783 4282 985 4363 Aquinatis)
1006 4283 1190 4365 Expositio
1220 4301 1327 4362 super
1348 4285 1493 4348 Cantica
1515 4287 1621 4349 canti-

221 4385 352 4432 corum.
389 4367 565 4431 »Salomon
596 4373 772 4448 inspiratus
803 4371 912 4432 divino
943 4375 1075 4450 spiritu«
1110 4373 1142 4428 ><
1169 4374 1229 4432 »ad
1257 4373 1448 4435 intuendum
1480 4389 1621 4452 superne

220 4457 372 4518 claritatis
401 4457 536 4536 gloriam
567 4473 698 4535 semper
727 4457 858 4529 inhiare,
890 4458 933 4518 ad
957 4476 1056 4536 quam
1079 4476 1142 4521 nos
1167 4460 1342 4538 perducere
1366 4460 1516 4537 dignetur
1538 4467 1618 4522 etc«

220 4543 256 4605 ln
280 4549 415 4606 canticis
438 4547 509 4605 istis
533 4553 609 4623 peto
632 4561 690 4622 pro
714 4545 816 4605 tribus
839 4549 909 4606 istis
933 4552 994 4607 etc.
1018 4549 1135 4620 (oratio
1158 4547 1366 4621 versificata).

325 4650 469 4722 Operculo
500 4666 596 4723 super.
628 4651 789 4721 adligatum
819 4657 864 4706 est
893 4651 1086 4722 fragmentum
1117 4653 1275 4709 membran.
1298 4655 1447 4710 literarum
1477 4653 1621 4711 iohannis

220 4736 297 4792 Kbel
319 4737 454 4793 officialis
484 4741 543 4795 dat.
579 4738 658 4794 1397
682 4731 757 4810 (Ἧι)
780 4741 928 4809 quandam
958 4739 1038 4795 litem
1069 4742 1105 4795 de
1129 4741 1291 4795 scribendis
1313 4741 1360 4796 vel
1383 4742 1499 4812 scriptis
1523 4739 1622 4797 bibliis

221 4824 470 4895 componentium.
504 4824 581 4880 Huic
604 4825 674 4880 lolio
697 4839 782 4880 verso
806 4841 900 4880 vacuo
923 4829 1073 4896 inscripsit
1095 4842 1200 4882 manus
1224 4843 1301 4884 saec.
1325 4825 1380 4882 XV
1401 4829 1501 4884 literas
1524 4829 1623 4884 indul-

220 4912 383 4980 gentiarum
407 4910 568 4967 Clementis
590 4927 693 4983 papae,
724 4929 847 4983 quarum
877 4913 964 4968 tinem
995 4916 1064 4969 vide
1095 4914 1125 4969 in
1148 4913 1197 4970 iol.
1221 4913 1324 4970 ultimo
1348 4930 1443 4972 verso.
1476 4914 1621 4985 Operculo

221 4995 305 5053 inter.
330 4998 490 5068 adligatum
514 5005 558 5054 est
582 4999 631 5056 iol.
656 4999 816 5055 membran.
841 5002 996 5056 cuiusdam
1019 5001 1084 5056 libri
1104 5000 1230 5072 liturgici
1247 5016 1325 5057 saec.
1343 4999 1406 5069 Xll,
1431 5017 1489 5072 quo
1506 5003 1620 5058 exorci-

907 5221 938 5270 31
