4066 5956
1039 505 1120 567 1523

487 713 508 774 f.
534 709 697 774 801-941
720 715 813 786 (saec.
836 713 1018 785 xlv-xv)
1041 707 1232 774 Alexandri
1255 711 1297 773 de
1320 711 1414 773 Villa
1436 708 1498 771 Dei
1515 709 1662 771 Summa
1684 707 1780 769 bibli-

380 817 482 864 orum
503 798 704 862 versiflcata
726 816 806 860 cum
829 797 1080 860 commentario
1103 798 1330 860 interlineari.

487 890 640 962 Operculis
654 890 837 959 adglutinata
848 895 916 944 sunt
939 888 1101 960 fragmenta
1123 891 1243 944 membr.
1266 889 1413 944 literarum
1427 885 1541 942 Nicolai
1554 887 1645 957 episc.
1661 883 1780 940 Olomu-

381 979 480 1034 censis
503 977 649 1048 (13881).
687 975 726 1031 Ut
755 978 842 1031 docet
872 983 943 1031 nota
972 979 1002 1031 in
1033 975 1127 1032 fronte
1157 975 1177 1031 f.
1205 977 1246 1043 1⁸,
1270 977 1365 1030 codex
1389 974 1513 1044 collegio
1538 971 1568 1034 S.
1593 972 1619 1028 J.
1644 971 1782 1042 Pragensi

381 1066 487 1136 obtigit
510 1080 546 1118 ex
569 1063 743 1119 liberalitate
765 1061 876 1118 Mariae
899 1061 1069 1133 Manriquez
1092 1062 1218 1118 senioris
1242 1063 1278 1117 de
1301 1060 1460 1118 Pemstein.

489 1231 590 1312 1523
810 1229 914 1306 VIII.
941 1230 990 1306 D.
1022 1229 1083 1304 28.
1112 1246 1159 1312 (Y.
1176 1246 1214 1298 ll.
1231 1247 1255 1296 i.
1274 1261 1300 1296 n.
1311 1245 1369 1308 21.)

382 1356 489 1418 chart.
512 1371 598 1417 saec.
621 1352 679 1416 XI
682 1352 817 1415 V-XV
830 1353 872 1434 ff.
894 1353 971 1428 191,
991 1353 1203 1415 28·5><20·5
1223 1369 1286 1413 cm.
1311 1351 1343 1413 d.
1366 1369 1412 1412 m.

547 1473 641 1537 Petri
663 1475 706 1537 de
729 1473 944 1537 Crescentiis
968 1473 1146 1535 Ruralium
1170 1474 1433 1534 commodorum
1455 1468 1532 1532 libri
1555 1469 1611 1532 xi.

490 1563 511 1624 i.
539 1563 569 1623 1·
594 1561 796 1624 »Venerabili
829 1565 862 1622 in
894 1559 969 1622 Chr.
1001 1564 1114 1638 patri.
1140 1611 1146 1620 .
1173 1607 1179 1620 .
1211 1559 1247 1622 fr.
1272 1561 1419 1621 Armerio
1450 1558 1490 1618 de
1517 1558 1685 1618 Placencia
1709 1603 1716 1616 .
1742 1601 1782 1618 ..

383 1649 496 1712 Petrus
520 1649 561 1710 de
585 1648 790 1711 Crescenciis
813 1652 894 1708 civis
918 1647 1083 1708 Bononie«
1110 1648 1143 1703 ><
1166 1645 1187 1706 f.
1215 1643 1292 1706 1911
1318 1651 1369 1706 »et
1391 1651 1427 1706 ut
1449 1651 1695 1716 conserventur,
1719 1643 1783 1702 sal-

499 1761 524 1797 ,ι

384 1742 570 1881 santurNota
592 1827 624 1880 in
646 1824 786 1895 operculo
809 1838 906 1895 super.
933 1839 1004 1895 »pro
1027 1821 1052 1878 11
1074 1823 1251 1893 sexagenis«
1288 1821 1382 1878 Vetus
1405 1822 1480 1892 sign.
1505 1819 1540 1892 Q,
1565 1821 1616 1877 29.

489 1975 593 2056 1524
813 1971 915 2049 VIII.
943 1972 991 2047 D.
1018 1971 1081 2047 29.
1108 1987 1153 2052 (Υ.
1174 1987 1194 2038 ι.
1213 1988 1239 2039 a
1258 2002 1284 2036 n.
1304 1987 1341 2050 2.)

385 2099 492 2161 chart.
514 2115 603 2159 saec.
625 2095 713 2159 XIV
732 2096 829 2176 (pars
850 2112 883 2157 a.
906 2094 1006 2168 1384)
1030 2099 1059 2156 et
1080 2093 1150 2156 XV
1172 2092 1211 2174 ff.
1235 2094 1308 2170 133,
1332 2093 1410 2154 29·5
1422 2091 1502 2153 ><21
1529 2109 1593 2154 cm.
1616 2091 1648 2152 d.
1669 2108 1715 2152 m.

493 2220 514 2281 i.
542 2214 680 2280 1¹¹-l8b
703 2217 735 2280 S.
759 2216 948 2296 Augustini
971 2215 1185 2295 Soliloquium
1208 2214 1270 2295 (sic
1294 2232 1368 2293 pro:
1401 2211 1678 2292 confessiones).
1706 2209 1785 2274 »Co

385 2323 546 2387 gnoscam
570 2311 600 2367 te
624 2306 756 2366 domine
779 2309 980 2383 cognitorem
1003 2320 1132 2363 meum«
1158 2303 1191 2359 ><
1218 2307 1272 2361 »ut
1294 2303 1399 2381 aquile
1423 2318 1526 2363 canos
1550 2317 1673 2362 meos«

493 2394 515 2455 f.
543 2387 700 2453 181-241
730 2390 812 2452 Vita
834 2407 863 2452 s.
881 2388 1099 2451 Catharinae.
1125 2387 1294 2450 »Tradunt
1315 2389 1452 2449 annales
1474 2388 1638 2467 hystorie«
1667 2387 1700 2442 ><
1725 2383 1785 2446 »Et

387 2486 452 2542 iam
476 2482 549 2541 dies
572 2481 721 2540 illuxerat
742 2481 842 2538 tercia
864 2482 964 2537 instat
973 2476 1032 2550 (?)«
1057 2479 1180 2550 (cetera
1203 2475 1349 2549 desunt).

495 2566 517 2628 i.
541 2564 703 2626 251-731
725 2564 872 2626 Honorii
894 2562 1226 2640 Augustodunensis
1257 2560 1539 2622 Commentarius
1571 2560 1610 2621 in
1642 2557 1788 2620 Cantica

387 2654 605 2718 canticorum
628 2652 844 2730 praecedente
867 2655 958 2711 textu
981 2650 1108 2711 biblico.
1129 2646 1273 2709 »Simoni
1287 2648 1411 2710 donum
1426 2652 1609 2726 sapiencie«
1626 2649 1658 2702 ><
1675 2662 1788 2706 ›sexa-

386 2747 476 2820 ginta
498 2741 603 2800 milies
626 2740 721 2799 milia.
746 2737 934 2816 Expliciunt
955 2741 1083 2798 cantica
1105 2739 1304 2797 canticorum
1328 2736 1416 2795 dom.
1443 2734 1536 2795 Petri
1558 2732 1788 2811 predicatoris

386 2829 424 2889 in
446 2827 545 2889 Telcz
568 2843 598 2887 a.
622 2826 653 2888 d.
680 2824 764 2886 1384
786 2824 869 2886 inira
891 2829 1026 2885 octavas
1050 2823 1253 2900 epiphanie«

495 2912 516 2974 i.
553 2908 714 2973 731-951
748 2910 892 2973 Arnesti
928 2907 1180 2986 archiepiscopi
1212 2907 1397 2986 Pragensis
1432 2906 1571 2968 Statuta
1604 2904 1788 2985 synodalia

387 3019 416 3064 a.
458 2998 542 3061 1349
576 3016 656 3060 cum
689 2997 842 3060 Thomae
873 2995 1051 3058 Hibernici
1085 2994 1174 3056 libro
1208 2996 1249 3056 de
1283 2995 1396 3056 tribus
1429 2994 1571 3072 punctis
1606 2991 1788 3071 religionis

389 3087 614 3150 christianae.
661 3083 770 3163 (Libro
812 3100 980 3162 perperam
1022 3084 1120 3160 ligato
1163 3082 1302 3159 legenda
1336 3087 1414 3142 sunt
1447 3081 1510 3142 hoc
1544 3081 1677 3142 ordine:
1717 3075 1785 3152 731,

393 3167 563 3244 sor-95⁵,
587 3167 759 3244 841-851,
783 3168 967 3244 lie-80⁶).
991 3168 1052 3229 His
1076 3172 1204 3229 statutis
1228 3172 1350 3228 inserta
1373 3173 1450 3228 sunt

498 3259 519 3321 f.
544 3254 706 3320 801-831
729 3264 762 3318 et
783 3253 944 3317 961-961
966 3255 1140 3317 Iohannis
1163 3254 1251 3332 (VII)
1275 3254 1429 3332 episcopi
1445 3251 1691 3315 Olomucensis
1715 3251 1790 3313 Sta·

390 3353 467 3408 tuta
497 3347 529 3408 in
561 3345 626 3407 fine
661 3361 788 3405 manca.
828 3343 1013 3404 »lohannes
1038 3388 1045 3402 .
1070 3389 1076 3402 .
1103 3389 1109 3402 .
1146 3345 1323 3419 episcopus
1359 3339 1591 3402 Olomucensis
1625 3339 1788 3401 universis

390 3433 574 3501 abbatibus,
610 3435 801 3510 prepositis«
830 3433 866 3505 ><
893 3431 948 3505 (de
984 3431 1161 3507 baptismo)
1186 3431 1447 3489 »matrimonium
1470 3427 1625 3505 impediat
1647 3428 1698 3486 vel
1725 3427 1790 3486 dis·

398 3521 522 3582 solvat«
549 3520 639 3593 (finis
663 3518 888 3592 desideratur).

500 3607 521 3668 i.
545 3601 730 3666 971-1071
753 3603 911 3679 (anepigr.)
946 3600 1201 3663 Dictionarium
1234 3600 1469 3679 theologicum
1507 3604 1539 3660 in
1575 3600 1640 3660 fine
1671 3603 1792 3660 excisis

395 3695 505 3754 multis
528 3693 613 3754 ioliis
636 3707 800 3752 mancum.
825 3690 1047 3752 Abstinencia.
1086 3687 1234 3766 »Duplex
1257 3695 1309 3749 est
1341 3689 1561 3749 abstinencia«
1590 3689 1621 3742 ><
1645 3687 1792 3760 (chorea-

395 3782 507 3854 trices)
533 3797 615 3858 »que
638 3779 774 3840 ardebat
796 3794 855 3855 per
876 3792 1021 3836 coreas«

499 3867 522 3928 f.
550 3861 751 3927 1081-1331
774 3864 963 3926 Sermones
986 3861 1126 3923 diversi.
1151 3859 1278 3940 Quibus
1302 3867 1423 3922 inserta
1446 3866 1524 3922 sunt
1538 3862 1638 3922 haec:

502 3953 522 4014 i.
551 3949 753 4013 1241-1251
782 3949 928 4012 »Utilitas
952 3949 1092 4009 melodie
1109 3950 1310 4026 psalmorum
1327 3954 1358 4008 et
1374 3951 1536 4009 oracionis
1560 3948 1795 4026 psalmomm«.

500 4040 522 4101 i.
561 4034 761 4101 1251-1301
799 4037 833 4099 S.
867 4034 1037 4098 Bernardi
1073 4033 1367 4097 claraevallensis
1397 4034 1653 4097 Meditationes.
1689 4032 1798 4094 »Multi

393 4127 494 4188 multa
507 4131 632 4187 sciunt«
648 4127 681 4184 ><
696 4122 744 4185 »0
761 4141 859 4204 quam
877 4124 958 4184 dura
974 4128 1053 4184 sunt
1069 4126 1141 4198 ista,
1159 4139 1221 4201 que
1238 4124 1371 4201 loquor«
1397 4121 1487 4200 (linis
1509 4122 1627 4182 deesse
1644 4121 1794 4194 videhlr).

502 4214 523 4275 f.
552 4209 628 4273 1321
651 4214 744 4284 (saec.
767 4214 847 4285 XV.)
873 4208 1038 4273 »Articuli
1061 4210 1104 4271 de
1125 4209 1224 4270 libris
1247 4208 1335 4287 Mgri
1357 4207 1524 4288 Wygleff«
1550 4209 1708 4270 extracti.

502 4303 655 4375 Operculis
678 4303 807 4372 adligata
829 4308 898 4357 sunt
920 4301 1082 4370 fragmenta
1112 4302 1231 4357 membr.
1264 4302 1418 4356 cuiusdam
1449 4299 1614 4356 dictionarii
1637 4297 1796 4368 theologici

395 4407 473 4450 saec.
498 4387 687 4448 XIIl-XIV.
710 4391 805 4445 Vetus
828 4389 904 4459 sign.
928 4386 961 4455 B,
989 4387 1036 4443 13.

502 4540 606 4621 1525
867 4535 972 4612 VIII.
1000 4537 1048 4612 D.
1075 4536 1138 4612 30.
1167 4551 1211 4616 (Υ.
1229 4551 1265 4603 ιι
1283 4553 1308 4602 2.
1326 4567 1354 4604 a.
1371 4551 1425 4616 47.)

395 4664 503 4728 chart.
527 4681 562 4725 a.
584 4662 671 4724 1407
692 4663 731 4744 ff.
753 4660 827 4740 394,
852 4660 991 4722 28><21
1017 4678 1080 4722 cm.
1104 4661 1121 4720 l
1146 4677 1192 4719 m.

557 4783 823 4846 Revelationum
845 4799 873 4846 a.
897 4781 1056 4861 Brigidae
1079 4779 1157 4842 libri
1180 4779 1242 4842 Vll
1264 4798 1344 4843 curn
1367 4779 1455 4842 libro
1478 4779 1522 4842 ad
1544 4793 1657 4858 reges.

507 4872 527 4933 i.
555 4873 585 4933 1·
611 4872 682 4932 »Ad
705 4872 863 4932 honorem
898 4873 1019 4930 summi
1042 4872 1141 4946 patris
1166 4914 1173 4930 .
1199 4919 1206 4931 .
1231 4917 1238 4930 .
1262 4872 1374 4948 incipit
1395 4869 1474 4928 liber
1496 4867 1626 4928 celestis
1650 4863 1725 4942 (sic)
1750 4881 1797 4926 re-

396 4961 603 5021 velacionum
633 4964 665 5018 et
699 4963 920 5020 secretorum«
947 4957 986 5035 ><
1010 4955 1031 5016 f.
1055 4951 1134 5016 3941
1167 4956 1326 5035 »Explicit
1348 4957 1427 5017 liber
1449 4955 1617 5017 celestium
1649 4953 1801 5014 revelaci-

1073 5181 1125 5230 560
