<?xml version="1.0" encoding="UTF-8"?>
<!DOCTYPE html PUBLIC "-//W3C//DTD XHTML 1.0 Transitional//EN"
    "http://www.w3.org/TR/xhtml1/DTD/xhtml1-transitional.dtd">
<html xmlns="http://www.w3.org/1999/xhtml" xml:lang="en" lang="en">
 <head>
  <title>
</title>
<meta http-equiv="Content-Type" content="text/html;charset=utf-8" />
  <meta name='ocr-system' content='tesseract 3.04.00' />
  <meta name='ocr-capabilities' content='ocr_page ocr_carea ocr_par ocr_line ocrx_word'/>
</head>
<body>
  <div class='ocr_page' id='page_1' title='image "./cataloguscodicu02truhgoog_0023.png"; bbox 0 0 4046 5972; ppageno 0'>
   <div class='ocr_carea' id='block_1_1' title="bbox 365 537 423 588">
    <p class='ocr_par' dir='ltr' id='par_1_1' title="bbox 365 537 423 588">
     <span class='ocr_line' id='line_1_1' title="bbox 365 537 423 588; baseline 0 -1"><span class='ocrx_word' id='word_1_1' title='bbox 365 537 423 588; x_wconf 85' lang='lat' dir='ltr'><strong>XIV</strong></span> 
     </span>
    </p>
   </div>
   <div class='ocr_carea' id='block_1_2' title="bbox 355 761 1768 4694">
    <p class='ocr_par' dir='ltr' id='par_1_2' title="bbox 355 761 1767 1571">
     <span class='ocr_line' id='line_1_2' title="bbox 364 761 1766 841; baseline -0.001 -17"><span class='ocrx_word' id='word_1_2' title='bbox 364 764 497 824; x_wconf 91' lang='lat' dir='ltr'><strong>codices</strong></span> <span class='ocrx_word' id='word_1_3' title='bbox 522 767 698 824; x_wconf 81' lang='lat' dir='ltr'><strong>maximam</strong></span> <span class='ocrx_word' id='word_1_4' title='bbox 722 769 846 841; x_wconf 88' lang='lat' dir='ltr'><strong>partem</strong></span> <span class='ocrx_word' id='word_1_5' title='bbox 868 763 1032 824; x_wconf 91' lang='lat' dir='ltr'><strong>veteribus</strong></span> <span class='ocrx_word' id='word_1_6' title='bbox 1055 763 1198 840; x_wconf 84' lang='lat' dir='ltr'>ligaturis</span> <span class='ocrx_word' id='word_1_7' title='bbox 1222 763 1359 839; x_wconf 85' lang='lat' dir='ltr'><strong>spoliati,</strong></span> <span class='ocrx_word' id='word_1_8' title='bbox 1383 765 1437 839; x_wconf 91' lang='lat' dir='ltr'><strong>qui</strong></span> <span class='ocrx_word' id='word_1_9' title='bbox 1453 761 1541 822; x_wconf 92' lang='lat' dir='ltr'><strong>unde</strong></span> <span class='ocrx_word' id='word_1_10' title='bbox 1560 766 1766 840; x_wconf 89' lang='lat' dir='ltr'><strong>provenerint</strong></span> 
     </span>
     <span class='ocr_line' id='line_1_3' title="bbox 363 864 1763 946; baseline 0.001 -20"><span class='ocrx_word' id='word_1_11' title='bbox 363 871 563 944; x_wconf 80' lang='lat' dir='ltr'><strong>ignoramus</strong></span> <span class='ocrx_word' id='word_1_12' title='bbox 588 865 736 946; x_wconf 80' lang='lat' dir='ltr'><strong>Quorum</strong></span> <span class='ocrx_word' id='word_1_13' title='bbox 759 866 909 928; x_wconf 90' lang='lat' dir='ltr'><strong>codicum</strong></span> <span class='ocrx_word' id='word_1_14' title='bbox 927 869 956 926; x_wconf 94' lang='lat' dir='ltr'><strong>si</strong></span> <span class='ocrx_word' id='word_1_15' title='bbox 971 866 1137 926; x_wconf 85' lang='lat' dir='ltr'><strong>dimidiam</strong></span> <span class='ocrx_word' id='word_1_16' title='bbox 1161 875 1286 943; x_wconf 91' lang='lat' dir='ltr'><strong>partem</strong></span> <span class='ocrx_word' id='word_1_17' title='bbox 1309 869 1515 926; x_wconf 88' lang='lat' dir='ltr'><strong>monasteriis</strong></span> <span class='ocrx_word' id='word_1_18' title='bbox 1531 864 1763 946; x_wconf 66' lang='lat' dir='ltr'><strong>addiderimus</strong></span> 
     </span>
     <span class='ocr_line' id='line_1_4' title="bbox 364 967 1764 1049; baseline 0.001 -19"><span class='ocrx_word' id='word_1_19' title='bbox 364 975 450 1032; x_wconf 90' lang='lat' dir='ltr'><strong>sicut</strong></span> <span class='ocrx_word' id='word_1_20' title='bbox 472 987 572 1049; x_wconf 89' lang='lat' dir='ltr'><strong>supra</strong></span> <span class='ocrx_word' id='word_1_21' title='bbox 593 973 726 1032; x_wconf 82' lang='lat' dir='ltr'><strong>aiteram</strong></span> <span class='ocrx_word' id='word_1_22' title='bbox 749 969 881 1031; x_wconf 92' lang='lat' dir='ltr'><strong>Jesuitis</strong></span> <span class='ocrx_word' id='word_1_23' title='bbox 905 967 1116 1032; x_wconf 91' lang='lat' dir='ltr'><strong>Clementinis</strong></span> <span class='ocrx_word' id='word_1_24' title='bbox 1140 968 1337 1042; x_wconf 71' lang='lat' dir='ltr'><strong>addidimus</strong></span> <span class='ocrx_word' id='word_1_25' title='bbox 1360 969 1532 1046; x_wconf 85' lang='lat' dir='ltr'><strong>apparebit</strong></span> <span class='ocrx_word' id='word_1_26' title='bbox 1554 985 1687 1030; x_wconf 90' lang='lat' dir='ltr'><strong>summa</strong></span> <span class='ocrx_word' id='word_1_27' title='bbox 1709 987 1764 1032; x_wconf 92' lang='lat' dir='ltr'><strong>co-</strong></span> 
     </span>
     <span class='ocr_line' id='line_1_5' title="bbox 364 1072 1767 1152; baseline 0 -17"><span class='ocrx_word' id='word_1_28' title='bbox 364 1074 475 1135; x_wconf 90' lang='lat' dir='ltr'><strong>dicum</strong></span> <span class='ocrx_word' id='word_1_29' title='bbox 499 1078 741 1135; x_wconf 83' lang='lat' dir='ltr'><strong>emonasten‘is</strong></span> <span class='ocrx_word' id='word_1_30' title='bbox 763 1079 973 1152; x_wconf 89' lang='lat' dir='ltr'><strong>acceptorum</strong></span> <span class='ocrx_word' id='word_1_31' title='bbox 997 1073 1128 1152; x_wconf 90' lang='lat' dir='ltr'><strong>paululo</strong></span> <span class='ocrx_word' id='word_1_32' title='bbox 1152 1078 1277 1134; x_wconf 88' lang='lat' dir='ltr'><strong>tantum</strong></span> <span class='ocrx_word' id='word_1_33' title='bbox 1301 1075 1413 1146; x_wconf 89' lang='lat' dir='ltr'><strong>maior,</strong></span> <span class='ocrx_word' id='word_1_34' title='bbox 1438 1089 1537 1151; x_wconf 93' lang='lat' dir='ltr'><strong>quam</strong></span> <span class='ocrx_word' id='word_1_35' title='bbox 1553 1072 1612 1135; x_wconf 84' lang='lat' dir='ltr'><strong>fuit</strong></span> <span class='ocrx_word' id='word_1_36' title='bbox 1634 1090 1767 1136; x_wconf 90' lang='lat' dir='ltr'><strong>summa</strong></span> 
     </span>
     <span class='ocr_line' id='line_1_6' title="bbox 364 1175 1765 1258; baseline 0.001 -19"><span class='ocrx_word' id='word_1_37' title='bbox 364 1178 515 1240; x_wconf 88' lang='lat' dir='ltr'><strong>codicum</strong></span> <span class='ocrx_word' id='word_1_38' title='bbox 539 1180 721 1252; x_wconf 87' lang='lat' dir='ltr'><strong>latinorum,</strong></span> <span class='ocrx_word' id='word_1_39' title='bbox 745 1183 800 1257; x_wconf 90' lang='lat' dir='ltr'><strong>qui</strong></span> <span class='ocrx_word' id='word_1_40' title='bbox 816 1196 833 1239; x_wconf 92' lang='lat' dir='ltr'><strong>e</strong></span> <span class='ocrx_word' id='word_1_41' title='bbox 850 1181 993 1258; x_wconf 86' lang='lat' dir='ltr'><strong>pristinis</strong></span> <span class='ocrx_word' id='word_1_42' title='bbox 1009 1180 1227 1239; x_wconf 86' lang='lat' dir='ltr'><strong>universitatis</strong></span> <span class='ocrx_word' id='word_1_43' title='bbox 1244 1175 1387 1255; x_wconf 82' lang='lat' dir='ltr'><strong>collegiis</strong></span> <span class='ocrx_word' id='word_1_44' title='bbox 1403 1183 1630 1256; x_wconf 88' lang='lat' dir='ltr'><strong>provenerunt.</strong></span> <span class='ocrx_word' id='word_1_45' title='bbox 1654 1177 1765 1258; x_wconf 88' lang='lat' dir='ltr'><strong>ltaque</strong></span> 
     </span>
     <span class='ocr_line' id='line_1_7' title="bbox 364 1280 1765 1360; baseline -0.001 -16"><span class='ocrx_word' id='word_1_46' title='bbox 364 1287 497 1344; x_wconf 89' lang='lat' dir='ltr'><strong>omissis</strong></span> <span class='ocrx_word' id='word_1_47' title='bbox 520 1284 591 1344; x_wconf 90' lang='lat' dir='ltr'><strong>aliis</strong></span> <span class='ocrx_word' id='word_1_48' title='bbox 614 1286 821 1343; x_wconf 84' lang='lat' dir='ltr'><strong>incrementis</strong></span> <span class='ocrx_word' id='word_1_49' title='bbox 845 1283 1025 1342; x_wconf 91' lang='lat' dir='ltr'><strong>minoribus</strong></span> <span class='ocrx_word' id='word_1_50' title='bbox 1048 1280 1229 1342; x_wconf 85' lang='lat' dir='ltr'><strong>dimidiam</strong></span> <span class='ocrx_word' id='word_1_51' title='bbox 1248 1282 1383 1360; x_wconf 77' lang='lat' dir='ltr'><strong>partem</strong></span> <span class='ocrx_word' id='word_1_52' title='bbox 1407 1280 1562 1342; x_wconf 88' lang='lat' dir='ltr'><strong>codicum</strong></span> <span class='ocrx_word' id='word_1_53' title='bbox 1578 1281 1765 1345; x_wconf 86' lang='lat' dir='ltr'><strong>latinorum</strong></span> 
     </span>
     <span class='ocr_line' id='line_1_8' title="bbox 363 1384 1766 1468; baseline 0.002 -20"><span class='ocrx_word' id='word_1_54' title='bbox 363 1387 630 1463; x_wconf 81' lang='lat' dir='ltr'><strong>emonastcriis,</strong></span> <span class='ocrx_word' id='word_1_55' title='bbox 665 1388 813 1449; x_wconf 81' lang='lat' dir='ltr'><strong>alteram</strong></span> <span class='ocrx_word' id='word_1_56' title='bbox 835 1385 1025 1466; x_wconf 75' lang='lat' dir='ltr'><strong>epristinis</strong></span> <span class='ocrx_word' id='word_1_57' title='bbox 1058 1385 1290 1448; x_wconf 81' lang='lat' dir='ltr'><strong>univcrsitatis</strong></span> <span class='ocrx_word' id='word_1_58' title='bbox 1323 1384 1472 1465; x_wconf 77' lang='lat' dir='ltr'><strong>collegiis</strong></span> <span class='ocrx_word' id='word_1_59' title='bbox 1493 1385 1589 1449; x_wconf 83' lang='lat' dir='ltr'><strong>nobis</strong></span> <span class='ocrx_word' id='word_1_60' title='bbox 1611 1387 1766 1468; x_wconf 78' lang='lat' dir='ltr'><strong>obtigisse</strong></span> 
     </span>
     <span class='ocr_line' id='line_1_9' title="bbox 355 1489 663 1571; baseline 0.006 -19"><span class='ocrx_word' id='word_1_61' title='bbox 355 1489 467 1570; x_wconf 76' lang='lat' dir='ltr'><strong>facile</strong></span> <span class='ocrx_word' id='word_1_62' title='bbox 484 1490 663 1571; x_wconf 75' lang='lat' dir='ltr'><strong>probatur.</strong></span> 
     </span>
    </p>

    <p class='ocr_par' dir='ltr' id='par_1_3' title="bbox 361 1592 1768 4694">
     <span class='ocr_line' id='line_1_10' title="bbox 470 1592 1764 1675; baseline 0.001 -18"><span class='ocrx_word' id='word_1_63' title='bbox 470 1593 535 1658; x_wconf 92' lang='lat' dir='ltr'><strong>Ubi</strong></span> <span class='ocrx_word' id='word_1_64' title='bbox 559 1600 698 1675; x_wconf 91' lang='lat' dir='ltr'><strong>primum</strong></span> <span class='ocrx_word' id='word_1_65' title='bbox 722 1596 935 1657; x_wconf 90' lang='lat' dir='ltr'><strong>bibliothecae</strong></span> <span class='ocrx_word' id='word_1_66' title='bbox 965 1600 1097 1656; x_wconf 88' lang='lat' dir='ltr'><strong>nostrae</strong></span> <span class='ocrx_word' id='word_1_67' title='bbox 1124 1592 1281 1655; x_wconf 85' lang='lat' dir='ltr'><strong>officiales</strong></span> <span class='ocrx_word' id='word_1_68' title='bbox 1305 1594 1347 1654; x_wconf 91' lang='lat' dir='ltr'><strong>ab</strong></span> <span class='ocrx_word' id='word_1_69' title='bbox 1369 1597 1490 1671; x_wconf 88' lang='lat' dir='ltr'><strong>ingenti</strong></span> <span class='ocrx_word' id='word_1_70' title='bbox 1514 1595 1633 1670; x_wconf 88' lang='lat' dir='ltr'><strong>labore,</strong></span> <span class='ocrx_word' id='word_1_71' title='bbox 1666 1613 1764 1675; x_wconf 91' lang='lat' dir='ltr'><strong>quem</strong></span> 
     </span>
     <span class='ocr_line' id='line_1_11' title="bbox 363 1698 1763 1783; baseline 0 -22"><span class='ocrx_word' id='word_1_72' title='bbox 363 1705 395 1761; x_wconf 94' lang='lat' dir='ltr'><strong>in</strong></span> <span class='ocrx_word' id='word_1_73' title='bbox 419 1701 621 1779; x_wconf 91' lang='lat' dir='ltr'><strong>recipiendis,</strong></span> <span class='ocrx_word' id='word_1_74' title='bbox 644 1699 856 1783; x_wconf 69' lang='lat' dir='ltr'><strong>¹,ordinandis</strong></span> <span class='ocrx_word' id='word_1_75' title='bbox 884 1698 1108 1760; x_wconf 89' lang='lat' dir='ltr'><strong>describendis</strong></span> <span class='ocrx_word' id='word_1_76' title='bbox 1143 1698 1346 1758; x_wconf 90' lang='lat' dir='ltr'><strong>diversorum</strong></span> <span class='ocrx_word' id='word_1_77' title='bbox 1381 1703 1653 1762; x_wconf 86' lang='lat' dir='ltr'><strong>monasteriorum</strong></span> <span class='ocrx_word' id='word_1_78' title='bbox 1676 1702 1763 1762; x_wconf 92' lang='lat' dir='ltr'><strong>libris</strong></span> 
     </span>
     <span class='ocr_line' id='line_1_12' title="bbox 364 1801 1764 1883; baseline 0.001 -18"><span class='ocrx_word' id='word_1_79' title='bbox 364 1809 647 1883; x_wconf 86' lang='lat' dir='ltr'><strong>consumpserant,</strong></span> <span class='ocrx_word' id='word_1_80' title='bbox 672 1804 838 1882; x_wconf 88' lang='lat' dir='ltr'><strong>paululum</strong></span> <span class='ocrx_word' id='word_1_81' title='bbox 863 1805 1112 1880; x_wconf 90' lang='lat' dir='ltr'><strong>respiraverunt,</strong></span> <span class='ocrx_word' id='word_1_82' title='bbox 1145 1801 1294 1863; x_wconf 91' lang='lat' dir='ltr'><strong>secundo</strong></span> <span class='ocrx_word' id='word_1_83' title='bbox 1317 1818 1404 1863; x_wconf 90' lang='lat' dir='ltr'><strong>saec.</strong></span> <span class='ocrx_word' id='word_1_84' title='bbox 1428 1801 1504 1864; x_wconf 93' lang='lat' dir='ltr'><strong>XIX</strong></span> <span class='ocrx_word' id='word_1_85' title='bbox 1527 1805 1686 1866; x_wconf 92' lang='lat' dir='ltr'><strong>decennio</strong></span> <span class='ocrx_word' id='word_1_86' title='bbox 1710 1822 1764 1866; x_wconf 93' lang='lat' dir='ltr'><strong>co·</strong></span> 
     </span>
     <span class='ocr_line' id='line_1_13' title="bbox 364 1905 1763 1987; baseline 0.001 -19"><span class='ocrx_word' id='word_1_87' title='bbox 364 1908 492 1970; x_wconf 90' lang='lat' dir='ltr'><strong>dicibus</strong></span> <span class='ocrx_word' id='word_1_88' title='bbox 515 1924 646 1987; x_wconf 91' lang='lat' dir='ltr'><strong>quoque</strong></span> <span class='ocrx_word' id='word_1_89' title='bbox 670 1923 772 1968; x_wconf 92' lang='lat' dir='ltr'><strong>manu</strong></span> <span class='ocrx_word' id='word_1_90' title='bbox 795 1909 923 1985; x_wconf 90' lang='lat' dir='ltr'><strong>scriptis</strong></span> <span class='ocrx_word' id='word_1_91' title='bbox 946 1905 1136 1967; x_wconf 91' lang='lat' dir='ltr'><strong>ordinandis</strong></span> <span class='ocrx_word' id='word_1_92' title='bbox 1160 1911 1192 1966; x_wconf 95' lang='lat' dir='ltr'><strong>et</strong></span> <span class='ocrx_word' id='word_1_93' title='bbox 1214 1905 1441 1968; x_wconf 90' lang='lat' dir='ltr'><strong>describendis</strong></span> <span class='ocrx_word' id='word_1_94' title='bbox 1465 1924 1599 1986; x_wconf 91' lang='lat' dir='ltr'><strong>operam</strong></span> <span class='ocrx_word' id='word_1_95' title='bbox 1634 1911 1763 1984; x_wconf 91' lang='lat' dir='ltr'><strong>dabant,</strong></span> 
     </span>
     <span class='ocr_line' id='line_1_14' title="bbox 363 2009 1765 2092; baseline 0 -17"><span class='ocrx_word' id='word_1_96' title='bbox 363 2017 440 2090; x_wconf 89' lang='lat' dir='ltr'><strong>qula</strong></span> <span class='ocrx_word' id='word_1_97' title='bbox 463 2009 706 2074; x_wconf 90' lang='lat' dir='ltr'><strong>Scberschnikii</strong></span> <span class='ocrx_word' id='word_1_98' title='bbox 728 2012 907 2090; x_wconf 67' lang='lat' dir='ltr'><strong>catalogus</strong></span> <span class='ocrx_word' id='word_1_99' title='bbox 942 2010 983 2072; x_wconf 90' lang='lat' dir='ltr'><strong>de</strong></span> <span class='ocrx_word' id='word_1_100' title='bbox 1007 2027 1072 2090; x_wconf 92' lang='lat' dir='ltr'><strong>quo</strong></span> <span class='ocrx_word' id='word_1_101' title='bbox 1097 2027 1197 2090; x_wconf 89' lang='lat' dir='ltr'><strong>supra</strong></span> <span class='ocrx_word' id='word_1_102' title='bbox 1230 2012 1383 2085; x_wconf 86' lang='lat' dir='ltr'><strong>diximus,</strong></span> <span class='ocrx_word' id='word_1_103' title='bbox 1418 2016 1513 2091; x_wconf 90' lang='lat' dir='ltr'><strong>copia</strong></span> <span class='ocrx_word' id='word_1_104' title='bbox 1535 2013 1687 2074; x_wconf 92' lang='lat' dir='ltr'><strong>codicum</strong></span> <span class='ocrx_word' id='word_1_105' title='bbox 1709 2031 1765 2092; x_wconf 92' lang='lat' dir='ltr'><strong>ge·</strong></span> 
     </span>
     <span class='ocr_line' id='line_1_15' title="bbox 363 2115 1765 2195; baseline 0.001 -17"><span class='ocrx_word' id='word_1_106' title='bbox 363 2121 486 2179; x_wconf 90' lang='lat' dir='ltr'><strong>minata</strong></span> <span class='ocrx_word' id='word_1_107' title='bbox 507 2122 539 2178; x_wconf 91' lang='lat' dir='ltr'><strong>et</strong></span> <span class='ocrx_word' id='word_1_108' title='bbox 561 2119 593 2178; x_wconf 91' lang='lat' dir='ltr'><strong>in</strong></span> <span class='ocrx_word' id='word_1_109' title='bbox 624 2118 798 2195; x_wconf 88' lang='lat' dir='ltr'><strong>ampliores</strong></span> <span class='ocrx_word' id='word_1_110' title='bbox 831 2115 954 2176; x_wconf 83' lang='lat' dir='ltr'><strong>forulos</strong></span> <span class='ocrx_word' id='word_1_111' title='bbox 988 2119 1112 2194; x_wconf 90' lang='lat' dir='ltr'><strong>pristini</strong></span> <span class='ocrx_word' id='word_1_112' title='bbox 1145 2119 1271 2176; x_wconf 90' lang='lat' dir='ltr'><strong>musaei</strong></span> <span class='ocrx_word' id='word_1_113' title='bbox 1307 2116 1765 2179; x_wconf 88' lang='lat' dir='ltr'><strong>mathematico-astronomici</strong></span> 
     </span>
     <span class='ocr_line' id='line_1_16' title="bbox 362 2218 1763 2300; baseline 0.001 -19"><span class='ocrx_word' id='word_1_114' title='bbox 362 2226 580 2300; x_wconf 88' lang='lat' dir='ltr'><strong>transportata</strong></span> <span class='ocrx_word' id='word_1_115' title='bbox 602 2224 666 2281; x_wconf 90' lang='lat' dir='ltr'><strong>iam</strong></span> <span class='ocrx_word' id='word_1_116' title='bbox 683 2237 796 2299; x_wconf 85' lang='lat' dir='ltr'><strong>pamm</strong></span> <span class='ocrx_word' id='word_1_117' title='bbox 820 2221 963 2281; x_wconf 82' lang='lat' dir='ltr'><strong>utilitatis</strong></span> <span class='ocrx_word' id='word_1_118' title='bbox 985 2219 1170 2299; x_wconf 91' lang='lat' dir='ltr'><strong>praebebat.</strong></span> <span class='ocrx_word' id='word_1_119' title='bbox 1195 2218 1336 2299; x_wconf 81' lang='lat' dir='ltr'><strong>Quando</strong></span> <span class='ocrx_word' id='word_1_120' title='bbox 1352 2222 1415 2282; x_wconf 92' lang='lat' dir='ltr'><strong>hoc</strong></span> <span class='ocrx_word' id='word_1_121' title='bbox 1432 2236 1517 2299; x_wconf 92' lang='lat' dir='ltr'><strong>opus</strong></span> <span class='ocrx_word' id='word_1_122' title='bbox 1533 2221 1763 2293; x_wconf 83' lang='lat' dir='ltr'><strong>inchoaverint,</strong></span> 
     </span>
     <span class='ocr_line' id='line_1_17' title="bbox 363 2323 1764 2399; baseline 0.001 -13"><span class='ocrx_word' id='word_1_123' title='bbox 363 2331 452 2386; x_wconf 89' lang='lat' dir='ltr'><strong>certo</strong></span> <span class='ocrx_word' id='word_1_124' title='bbox 475 2329 653 2399; x_wconf 90' lang='lat' dir='ltr'><strong>nescimus,</strong></span> <span class='ocrx_word' id='word_1_125' title='bbox 685 2324 745 2385; x_wconf 92' lang='lat' dir='ltr'><strong>sed</strong></span> <span class='ocrx_word' id='word_1_126' title='bbox 769 2325 811 2385; x_wconf 90' lang='lat' dir='ltr'><strong>ad</strong></span> <span class='ocrx_word' id='word_1_127' title='bbox 835 2323 935 2385; x_wconf 85' lang='lat' dir='ltr'><strong>finem</strong></span> <span class='ocrx_word' id='word_1_128' title='bbox 965 2323 1172 2384; x_wconf 90' lang='lat' dir='ltr'><strong>deduxerunt</strong></span> <span class='ocrx_word' id='word_1_129' title='bbox 1193 2341 1223 2384; x_wconf 88' lang='lat' dir='ltr'><strong>a.</strong></span> <span class='ocrx_word' id='word_1_130' title='bbox 1251 2323 1342 2396; x_wconf 82' lang='lat'><strong>1819,</strong></span> <span class='ocrx_word' id='word_1_131' title='bbox 1367 2330 1403 2385; x_wconf 91' lang='lat' dir='ltr'><strong>ut</strong></span> <span class='ocrx_word' id='word_1_132' title='bbox 1425 2325 1567 2386; x_wconf 89' lang='lat' dir='ltr'><strong>declarat</strong></span> <span class='ocrx_word' id='word_1_133' title='bbox 1598 2326 1764 2387; x_wconf 89' lang='lat' dir='ltr'><strong>decretum</strong></span> 
     </span>
     <span class='ocr_line' id='line_1_18' title="bbox 363 2423 1764 2510; baseline 0 -19"><span class='ocrx_word' id='word_1_134' title='bbox 363 2445 389 2491; x_wconf 92' lang='lat' dir='ltr'><strong>c.</strong></span> <span class='ocrx_word' id='word_1_135' title='bbox 415 2447 438 2491; x_wconf 94' lang='lat' dir='ltr'><strong>r.</strong></span> <span class='ocrx_word' id='word_1_136' title='bbox 454 2429 600 2508; x_wconf 91' lang='lat' dir='ltr'><strong>gubemii</strong></span> <span class='ocrx_word' id='word_1_137' title='bbox 617 2429 645 2492; x_wconf 88' lang='lat'><strong>7.</strong></span> <span class='ocrx_word' id='word_1_138' title='bbox 661 2429 749 2508; x_wconf 89' lang='lat' dir='ltr'><strong>april.</strong></span> <span class='ocrx_word' id='word_1_139' title='bbox 774 2428 921 2489; x_wconf 91' lang='lat' dir='ltr'><strong>eiusdem</strong></span> <span class='ocrx_word' id='word_1_140' title='bbox 945 2432 1021 2490; x_wconf 90' lang='lat' dir='ltr'><strong>anni</strong></span> <span class='ocrx_word' id='word_1_141' title='bbox 1045 2427 1257 2490; x_wconf 79' lang='lat' dir='ltr'><strong>biblothecae</strong></span> <span class='ocrx_word' id='word_1_142' title='bbox 1280 2433 1412 2490; x_wconf 88' lang='lat' dir='ltr'><strong>nostrae</strong></span> <span class='ocrx_word' id='word_1_143' title='bbox 1429 2423 1642 2508; x_wconf 78' lang='lat' dir='ltr'><strong>reddibim.²⁹)</strong></span> <span class='ocrx_word' id='word_1_144' title='bbox 1666 2429 1764 2510; x_wconf 80' lang='lat' dir='ltr'><strong>Quod</strong></span> 
     </span>
     <span class='ocr_line' id='line_1_19' title="bbox 362 2531 1764 2613; baseline -0.001 -18"><span class='ocrx_word' id='word_1_145' title='bbox 362 2550 458 2613; x_wconf 77' lang='lat' dir='ltr'><strong>opuS,</strong></span> <span class='ocrx_word' id='word_1_146' title='bbox 475 2537 625 2613; x_wconf 90' lang='lat' dir='ltr'><strong>quamvis</strong></span> <span class='ocrx_word' id='word_1_147' title='bbox 641 2537 731 2612; x_wconf 90' lang='lat' dir='ltr'><strong>parvi</strong></span> <span class='ocrx_word' id='word_1_148' title='bbox 747 2537 789 2594; x_wconf 92' lang='lat' dir='ltr'><strong>sit</strong></span> <span class='ocrx_word' id='word_1_149' title='bbox 805 2537 906 2611; x_wconf 89' lang='lat' dir='ltr'><strong>pretii,</strong></span> <span class='ocrx_word' id='word_1_150' title='bbox 923 2531 1085 2593; x_wconf 90' lang='lat' dir='ltr'><strong>Joannem</strong></span> <span class='ocrx_word' id='word_1_151' title='bbox 1101 2531 1401 2594; x_wconf 89' lang='lat' dir='ltr'><strong>Zimmermannum</strong></span> <span class='ocrx_word' id='word_1_152' title='bbox 1419 2536 1619 2612; x_wconf 90' lang='lat' dir='ltr'><strong>scriptorem,</strong></span> <span class='ocrx_word' id='word_1_153' title='bbox 1644 2538 1764 2613; x_wconf 90' lang='lat' dir='ltr'><strong>quippe</strong></span> 
     </span>
     <span class='ocr_line' id='line_1_20' title="bbox 362 2623 1765 2717; baseline 0.001 -20"><span class='ocrx_word' id='word_1_154' title='bbox 362 2642 416 2717; x_wconf 93' lang='lat' dir='ltr'><strong>qui</strong></span> <span class='ocrx_word' id='word_1_155' title='bbox 440 2637 573 2699; x_wconf 92' lang='lat' dir='ltr'><strong>demum</strong></span> <span class='ocrx_word' id='word_1_156' title='bbox 596 2636 648 2698; x_wconf 84' lang='lat'><strong>20.</strong></span> <span class='ocrx_word' id='word_1_157' title='bbox 672 2638 737 2698; x_wconf 92' lang='lat' dir='ltr'><strong>iulii</strong></span> <span class='ocrx_word' id='word_1_158' title='bbox 765 2623 845 2698; x_wconf 83' lang='lat'>1815</span> <span class='ocrx_word' id='word_1_159' title='bbox 870 2635 1083 2698; x_wconf 88' lang='lat' dir='ltr'><strong>bibliothecae</strong></span> <span class='ocrx_word' id='word_1_160' title='bbox 1107 2642 1238 2696; x_wconf 88' lang='lat' dir='ltr'><strong>nostrae</strong></span> <span class='ocrx_word' id='word_1_161' title='bbox 1261 2637 1437 2699; x_wconf 88' lang='lat' dir='ltr'><strong>adiunctus</strong></span> <span class='ocrx_word' id='word_1_162' title='bbox 1461 2641 1512 2712; x_wconf 89' lang='lat' dir='ltr'><strong>sit,</strong></span> <span class='ocrx_word' id='word_1_163' title='bbox 1536 2639 1644 2698; x_wconf 90' lang='lat' dir='ltr'><strong>solum</strong></span> <span class='ocrx_word' id='word_1_164' title='bbox 1662 2637 1765 2717; x_wconf 87' lang='lat' dir='ltr'><strong>perie-</strong></span> 
     </span>
     <span class='ocr_line' id='line_1_21' title="bbox 361 2740 1765 2823; baseline 0.002 -22"><span class='ocrx_word' id='word_1_165' title='bbox 361 2745 448 2802; x_wconf 88' lang='lat' dir='ltr'><strong>cisse</strong></span> <span class='ocrx_word' id='word_1_166' title='bbox 471 2745 603 2803; x_wconf 90' lang='lat' dir='ltr'><strong>minime</strong></span> <span class='ocrx_word' id='word_1_167' title='bbox 626 2741 668 2802; x_wconf 93' lang='lat' dir='ltr'><strong>ad</strong></span> <span class='ocrx_word' id='word_1_168' title='bbox 691 2756 803 2801; x_wconf 88' lang='lat' dir='ltr'><strong>verum</strong></span> <span class='ocrx_word' id='word_1_169' title='bbox 828 2740 969 2812; x_wconf 88' lang='lat' dir='ltr'><strong>accedit;</strong></span> <span class='ocrx_word' id='word_1_170' title='bbox 1003 2756 1083 2800; x_wconf 92' lang='lat' dir='ltr'><strong>sane</strong></span> <span class='ocrx_word' id='word_1_171' title='bbox 1108 2743 1254 2800; x_wconf 90' lang='lat' dir='ltr'><strong>maxima</strong></span> <span class='ocrx_word' id='word_1_172' title='bbox 1277 2756 1352 2823; x_wconf 80' lang='lat' dir='ltr'><strong>pars</strong></span> <span class='ocrx_word' id='word_1_173' title='bbox 1377 2742 1573 2802; x_wconf 90' lang='lat' dir='ltr'><strong>schedarum</strong></span> <span class='ocrx_word' id='word_1_174' title='bbox 1599 2743 1765 2822; x_wconf 89' lang='lat' dir='ltr'><strong>descripti·</strong></span> 
     </span>
     <span class='ocr_line' id='line_1_22' title="bbox 361 2825 1767 2924; baseline 0.002 -19"><span class='ocrx_word' id='word_1_175' title='bbox 361 2860 485 2918; x_wconf 91' lang='lat' dir='ltr'><strong>varum,</strong></span> <span class='ocrx_word' id='word_1_176' title='bbox 510 2846 663 2923; x_wconf 89' lang='lat' dir='ltr'><strong>equibus</strong></span> <span class='ocrx_word' id='word_1_177' title='bbox 686 2849 802 2922; x_wconf 90' lang='lat' dir='ltr'><strong>postea</strong></span> <span class='ocrx_word' id='word_1_178' title='bbox 825 2845 976 2905; x_wconf 89' lang='lat' dir='ltr'><strong>codicum</strong></span> <span class='ocrx_word' id='word_1_179' title='bbox 999 2845 1137 2924; x_wconf 89' lang='lat' dir='ltr'><strong>catalogi</strong></span> <span class='ocrx_word' id='word_1_180' title='bbox 1160 2848 1303 2905; x_wconf 88' lang='lat' dir='ltr'><strong>contexti</strong></span> <span class='ocrx_word' id='word_1_181' title='bbox 1327 2851 1413 2918; x_wconf 89' lang='lat' dir='ltr'><strong>sunt,</strong></span> <span class='ocrx_word' id='word_1_182' title='bbox 1438 2849 1542 2924; x_wconf 91' lang='lat' dir='ltr'><strong>ipsius</strong></span> <span class='ocrx_word' id='word_1_183' title='bbox 1561 2825 1666 2907; x_wconf 71' lang='lat' dir='ltr'><strong>&#39;manu</strong></span> <span class='ocrx_word' id='word_1_184' title='bbox 1689 2865 1767 2908; x_wconf 92' lang='lat' dir='ltr'><strong>exa·</strong></span> 
     </span>
     <span class='ocr_line' id='line_1_23' title="bbox 362 2947 1765 3030; baseline 0.003 -22"><span class='ocrx_word' id='word_1_185' title='bbox 362 2954 431 3009; x_wconf 89' lang='lat' dir='ltr'><strong>rata</strong></span> <span class='ocrx_word' id='word_1_186' title='bbox 453 2954 513 3009; x_wconf 87' lang='lat' dir='ltr'><strong>est.</strong></span> <span class='ocrx_word' id='word_1_187' title='bbox 537 2948 568 3010; x_wconf 90' lang='lat' dir='ltr'><strong>Is</strong></span> <span class='ocrx_word' id='word_1_188' title='bbox 591 2951 688 3010; x_wconf 91' lang='lat' dir='ltr'><strong>nimis</strong></span> <span class='ocrx_word' id='word_1_189' title='bbox 711 2950 862 3008; x_wconf 88' lang='lat' dir='ltr'><strong>celeritati</strong></span> <span class='ocrx_word' id='word_1_190' title='bbox 886 2947 1025 3009; x_wconf 89' lang='lat' dir='ltr'><strong>studens</strong></span> <span class='ocrx_word' id='word_1_191' title='bbox 1048 2964 1162 3026; x_wconf 91' lang='lat' dir='ltr'><strong>parum</strong></span> <span class='ocrx_word' id='word_1_192' title='bbox 1186 2949 1368 3025; x_wconf 86' lang='lat' dir='ltr'><strong>diligentiae</strong></span> <span class='ocrx_word' id='word_1_193' title='bbox 1391 2949 1577 3024; x_wconf 89' lang='lat' dir='ltr'><strong>adhibebat,</strong></span> <span class='ocrx_word' id='word_1_194' title='bbox 1602 2952 1691 3030; x_wconf 91' lang='lat' dir='ltr'><strong>quod</strong></span> <span class='ocrx_word' id='word_1_195' title='bbox 1716 2956 1765 3013; x_wconf 87' lang='lat' dir='ltr'><strong>in·</strong></span> 
     </span>
     <span class='ocr_line' id='line_1_24' title="bbox 363 3050 1766 3132; baseline 0.002 -18"><span class='ocrx_word' id='word_1_196' title='bbox 363 3056 474 3132; x_wconf 89' lang='lat' dir='ltr'><strong>primis</strong></span> <span class='ocrx_word' id='word_1_197' title='bbox 508 3052 719 3114; x_wconf 81' lang='lat' dir='ltr'><strong>manifestum</strong></span> <span class='ocrx_word' id='word_1_198' title='bbox 742 3055 847 3113; x_wconf 91' lang='lat' dir='ltr'><strong>estin</strong></span> <span class='ocrx_word' id='word_1_199' title='bbox 873 3050 985 3113; x_wconf 84' lang='lat' dir='ltr'><strong>forulis</strong></span> <span class='ocrx_word' id='word_1_200' title='bbox 1008 3051 1029 3126; x_wconf 95' lang='lat' dir='ltr'><strong>l,</strong></span> <span class='ocrx_word' id='word_1_201' title='bbox 1064 3051 1116 3125; x_wconf 97' lang='lat' dir='ltr'><strong>Vl,</strong></span> <span class='ocrx_word' id='word_1_202' title='bbox 1139 3050 1205 3127; x_wconf 90' lang='lat' dir='ltr'><strong>Vll,</strong></span> <span class='ocrx_word' id='word_1_203' title='bbox 1228 3051 1377 3113; x_wconf 92' lang='lat' dir='ltr'>Xl—XV</span> <span class='ocrx_word' id='word_1_204' title='bbox 1407 3054 1539 3116; x_wconf 88' lang='lat' dir='ltr'><strong>codices</strong></span> <span class='ocrx_word' id='word_1_205' title='bbox 1574 3060 1766 3117; x_wconf 91' lang='lat' dir='ltr'><strong>monasteri·</strong></span> 
     </span>
     <span class='ocr_line' id='line_1_25' title="bbox 362 3154 1765 3237; baseline 0.001 -19"><span class='ocrx_word' id='word_1_206' title='bbox 362 3172 455 3218; x_wconf 91' lang='lat' dir='ltr'><strong>orum</strong></span> <span class='ocrx_word' id='word_1_207' title='bbox 479 3157 554 3218; x_wconf 92' lang='lat' dir='ltr'><strong>inde</strong></span> <span class='ocrx_word' id='word_1_208' title='bbox 577 3158 618 3217; x_wconf 94' lang='lat' dir='ltr'><strong>ab</strong></span> <span class='ocrx_word' id='word_1_209' title='bbox 635 3173 664 3217; x_wconf 92' lang='lat' dir='ltr'><strong>a.</strong></span> <span class='ocrx_word' id='word_1_210' title='bbox 685 3154 765 3217; x_wconf 89' lang='lat'>1782</span> <span class='ocrx_word' id='word_1_211' title='bbox 782 3157 976 3217; x_wconf 89' lang='lat' dir='ltr'><strong>abolitorum</strong></span> <span class='ocrx_word' id='word_1_212' title='bbox 999 3156 1364 3235; x_wconf 70' lang='lat' dir='ltr'><strong>comprehendentibus</strong></span> <span class='ocrx_word' id='word_1_213' title='bbox 1388 3161 1421 3219; x_wconf 95' lang='lat' dir='ltr'><strong>in</strong></span> <span class='ocrx_word' id='word_1_214' title='bbox 1444 3159 1564 3237; x_wconf 89' lang='lat' dir='ltr'><strong>quibus</strong></span> <span class='ocrx_word' id='word_1_215' title='bbox 1587 3164 1765 3221; x_wconf 88' lang='lat' dir='ltr'><strong>maximam</strong></span> 
     </span>
     <span class='ocr_line' id='line_1_26' title="bbox 363 3261 1765 3340; baseline 0.002 -18"><span class='ocrx_word' id='word_1_216' title='bbox 363 3267 485 3340; x_wconf 85' lang='lat' dir='ltr'><strong>partem</strong></span> <span class='ocrx_word' id='word_1_217' title='bbox 509 3277 644 3340; x_wconf 90' lang='lat' dir='ltr'><strong>operum</strong></span> <span class='ocrx_word' id='word_1_218' title='bbox 676 3265 800 3322; x_wconf 87' lang='lat' dir='ltr'><strong>tantum</strong></span> <span class='ocrx_word' id='word_1_219' title='bbox 831 3262 995 3321; x_wconf 89' lang='lat' dir='ltr'><strong>initialium</strong></span> <span class='ocrx_word' id='word_1_220' title='bbox 1028 3265 1108 3322; x_wconf 93' lang='lat' dir='ltr'><strong>ratio</strong></span> <span class='ocrx_word' id='word_1_221' title='bbox 1132 3261 1243 3322; x_wconf 90' lang='lat' dir='ltr'><strong>habita</strong></span> <span class='ocrx_word' id='word_1_222' title='bbox 1265 3266 1325 3322; x_wconf 88' lang='lat' dir='ltr'><strong>est.</strong></span> <span class='ocrx_word' id='word_1_223' title='bbox 1364 3261 1398 3322; x_wconf 90' lang='lat' dir='ltr'><strong>ln</strong></span> <span class='ocrx_word' id='word_1_224' title='bbox 1422 3262 1646 3323; x_wconf 91' lang='lat' dir='ltr'><strong>describendis</strong></span> <span class='ocrx_word' id='word_1_225' title='bbox 1676 3264 1765 3325; x_wconf 93' lang='lat' dir='ltr'><strong>codi-</strong></span> 
     </span>
     <span class='ocr_line' id='line_1_27' title="bbox 364 3363 1765 3443; baseline 0.001 -17"><span class='ocrx_word' id='word_1_226' title='bbox 364 3367 457 3426; x_wconf 91' lang='lat' dir='ltr'><strong>cibus</strong></span> <span class='ocrx_word' id='word_1_227' title='bbox 491 3364 670 3426; x_wconf 91' lang='lat' dir='ltr'><strong>iorulorum</strong></span> <span class='ocrx_word' id='word_1_228' title='bbox 692 3363 813 3439; x_wconf 91' lang='lat' dir='ltr'><strong>iii-V,</strong></span> <span class='ocrx_word' id='word_1_229' title='bbox 847 3363 998 3433; x_wconf 87' lang='lat' dir='ltr'><strong>VllI-X.</strong></span> <span class='ocrx_word' id='word_1_230' title='bbox 1034 3369 1089 3443; x_wconf 90' lang='lat' dir='ltr'><strong>qui</strong></span> <span class='ocrx_word' id='word_1_231' title='bbox 1123 3365 1222 3426; x_wconf 90' lang='lat' dir='ltr'><strong>libros</strong></span> <span class='ocrx_word' id='word_1_232' title='bbox 1255 3364 1452 3427; x_wconf 90' lang='lat' dir='ltr'><strong>Jesuitarum</strong></span> <span class='ocrx_word' id='word_1_233' title='bbox 1487 3364 1765 3428; x_wconf 88' lang='lat' dir='ltr'><strong>Clementinorum</strong></span> 
     </span>
     <span class='ocr_line' id='line_1_28' title="bbox 365 3470 1764 3548; baseline 0.001 -18"><span class='ocrx_word' id='word_1_234' title='bbox 365 3486 466 3530; x_wconf 92' lang='lat' dir='ltr'><strong>manu</strong></span> <span class='ocrx_word' id='word_1_235' title='bbox 489 3472 628 3547; x_wconf 88' lang='lat' dir='ltr'><strong>scn&#39;ptos</strong></span> <span class='ocrx_word' id='word_1_236' title='bbox 651 3471 827 3529; x_wconf 90' lang='lat' dir='ltr'><strong>maximam</strong></span> <span class='ocrx_word' id='word_1_237' title='bbox 852 3475 975 3546; x_wconf 91' lang='lat' dir='ltr'><strong>partem</strong></span> <span class='ocrx_word' id='word_1_238' title='bbox 998 3470 1289 3548; x_wconf 90' lang='lat' dir='ltr'><strong>comprehendunt,</strong></span> <span class='ocrx_word' id='word_1_239' title='bbox 1314 3475 1468 3548; x_wconf 88' lang='lat' dir='ltr'><strong>exoptato</strong></span> <span class='ocrx_word' id='word_1_240' title='bbox 1491 3470 1688 3532; x_wconf 87' lang='lat' dir='ltr'><strong>adminiculo</strong></span> <span class='ocrx_word' id='word_1_241' title='bbox 1711 3488 1764 3532; x_wconf 92' lang='lat' dir='ltr'><strong>ca·</strong></span> 
     </span>
     <span class='ocr_line' id='line_1_29' title="bbox 365 3570 1766 3651; baseline 0.001 -17"><span class='ocrx_word' id='word_1_242' title='bbox 365 3573 462 3651; x_wconf 91' lang='lat' dir='ltr'><strong>talogi</strong></span> <span class='ocrx_word' id='word_1_243' title='bbox 486 3570 772 3634; x_wconf 87' lang='lat' dir='ltr'><strong>Scberschnikiani</strong></span> <span class='ocrx_word' id='word_1_244' title='bbox 806 3589 890 3633; x_wconf 89' lang='lat' dir='ltr'><strong>usus</strong></span> <span class='ocrx_word' id='word_1_245' title='bbox 913 3578 973 3646; x_wconf 90' lang='lat' dir='ltr'><strong>est,</strong></span> <span class='ocrx_word' id='word_1_246' title='bbox 998 3577 1052 3651; x_wconf 92' lang='lat' dir='ltr'><strong>qui</strong></span> <span class='ocrx_word' id='word_1_247' title='bbox 1084 3587 1159 3634; x_wconf 91' lang='lat' dir='ltr'><strong>cum</strong></span> <span class='ocrx_word' id='word_1_248' title='bbox 1183 3574 1284 3634; x_wconf 94' lang='lat' dir='ltr'><strong>multo</strong></span> <span class='ocrx_word' id='word_1_249' title='bbox 1319 3577 1500 3635; x_wconf 88' lang='lat' dir='ltr'><strong>accuratior</strong></span> <span class='ocrx_word' id='word_1_250' title='bbox 1534 3579 1634 3644; x_wconf 88' lang='lat' dir='ltr'><strong>esset,</strong></span> <span class='ocrx_word' id='word_1_251' title='bbox 1669 3578 1766 3636; x_wconf 91' lang='lat' dir='ltr'><strong>corri-</strong></span> 
     </span>
     <span class='ocr_line' id='line_1_30' title="bbox 365 3676 1765 3756; baseline 0.001 -18"><span class='ocrx_word' id='word_1_252' title='bbox 365 3677 462 3756; x_wconf 91' lang='lat' dir='ltr'><strong>gendi</strong></span> <span class='ocrx_word' id='word_1_253' title='bbox 486 3682 611 3738; x_wconf 88' lang='lat' dir='ltr'><strong>tantum</strong></span> <span class='ocrx_word' id='word_1_254' title='bbox 635 3681 667 3736; x_wconf 92' lang='lat' dir='ltr'><strong>et</strong></span> <span class='ocrx_word' id='word_1_255' title='bbox 688 3677 862 3755; x_wconf 90' lang='lat' dir='ltr'><strong>supplendi</strong></span> <span class='ocrx_word' id='word_1_256' title='bbox 886 3692 1007 3738; x_wconf 92' lang='lat' dir='ltr'><strong>munus</strong></span> <span class='ocrx_word' id='word_1_257' title='bbox 1030 3677 1272 3738; x_wconf 58' lang='lat' dir='ltr'><strong>ei‘obeundum</strong></span> <span class='ocrx_word' id='word_1_258' title='bbox 1289 3683 1365 3740; x_wconf 77' lang='lat' dir='ltr'><strong>erat„</strong></span> <span class='ocrx_word' id='word_1_259' title='bbox 1389 3676 1453 3740; x_wconf 93' lang='lat' dir='ltr'><strong>Cui</strong></span> <span class='ocrx_word' id='word_1_260' title='bbox 1469 3683 1594 3739; x_wconf 90' lang='lat' dir='ltr'><strong>muneri</strong></span> <span class='ocrx_word' id='word_1_261' title='bbox 1611 3677 1765 3741; x_wconf 90' lang='lat' dir='ltr'><strong>Zimmer-</strong></span> 
     </span>
     <span class='ocr_line' id='line_1_31' title="bbox 364 3778 1764 3860; baseline 0.001 -18"><span class='ocrx_word' id='word_1_262' title='bbox 364 3798 505 3843; x_wconf 91' lang='lat' dir='ltr'><strong>mannus</strong></span> <span class='ocrx_word' id='word_1_263' title='bbox 521 3787 638 3842; x_wconf 87' lang='lat' dir='ltr'><strong>noster</strong></span> <span class='ocrx_word' id='word_1_264' title='bbox 648 3785 779 3842; x_wconf 92' lang='lat' dir='ltr'><strong>minime</strong></span> <span class='ocrx_word' id='word_1_265' title='bbox 795 3780 960 3842; x_wconf 79' lang='lat' dir='ltr'><strong>satisfecit.</strong></span> <span class='ocrx_word' id='word_1_266' title='bbox 985 3778 1030 3842; x_wconf 91' lang='lat' dir='ltr'><strong>Ut</strong></span> <span class='ocrx_word' id='word_1_267' title='bbox 1051 3786 1216 3860; x_wconf 88' lang='lat' dir='ltr'><strong>appareat,</strong></span> <span class='ocrx_word' id='word_1_268' title='bbox 1240 3797 1338 3859; x_wconf 92' lang='lat' dir='ltr'><strong>quam</strong></span> <span class='ocrx_word' id='word_1_269' title='bbox 1362 3783 1434 3843; x_wconf 90' lang='lat' dir='ltr'><strong>vilis</strong></span> <span class='ocrx_word' id='word_1_270' title='bbox 1457 3798 1557 3860; x_wconf 90' lang='lat' dir='ltr'><strong>opera</strong></span> <span class='ocrx_word' id='word_1_271' title='bbox 1573 3786 1644 3843; x_wconf 91' lang='lat' dir='ltr'><strong>eius</strong></span> <span class='ocrx_word' id='word_1_272' title='bbox 1660 3783 1764 3858; x_wconf 90' lang='lat' dir='ltr'><strong>luerit,</strong></span> 
     </span>
     <span class='ocr_line' id='line_1_32' title="bbox 365 3882 1766 3965; baseline 0.001 -19"><span class='ocrx_word' id='word_1_273' title='bbox 365 3886 513 3946; x_wconf 89' lang='lat' dir='ltr'><strong>codicem</strong></span> <span class='ocrx_word' id='word_1_274' title='bbox 547 3884 628 3946; x_wconf 88' lang='lat'>1925</span> <span class='ocrx_word' id='word_1_275' title='bbox 662 3888 764 3960; x_wconf 92' lang='lat' dir='ltr'><strong>(nunc</strong></span> <span class='ocrx_word' id='word_1_276' title='bbox 798 3883 837 3944; x_wconf 92' lang='lat' dir='ltr'><strong>X.</strong></span> <span class='ocrx_word' id='word_1_277' title='bbox 861 3883 898 3945; x_wconf 88' lang='lat' dir='ltr'><strong>E.</strong></span> <span class='ocrx_word' id='word_1_278' title='bbox 922 3883 973 3958; x_wconf 80' lang='lat'><strong>24,</strong></span> <span class='ocrx_word' id='word_1_279' title='bbox 1008 3885 1096 3964; x_wconf 90' lang='lat' dir='ltr'><strong>apud</strong></span> <span class='ocrx_word' id='word_1_280' title='bbox 1126 3882 1416 3949; x_wconf 88' lang='lat' dir='ltr'><strong>Scberschnikium</strong></span> <span class='ocrx_word' id='word_1_281' title='bbox 1440 3885 1477 3946; x_wconf 91' lang='lat' dir='ltr'><strong>Y.</strong></span> <span class='ocrx_word' id='word_1_282' title='bbox 1501 3887 1522 3948; x_wconf 94' lang='lat' dir='ltr'><strong>l.</strong></span> <span class='ocrx_word' id='word_1_283' title='bbox 1551 3888 1577 3948; x_wconf 94' lang='lat' dir='ltr'><strong>i.</strong></span> <span class='ocrx_word' id='word_1_284' title='bbox 1602 3905 1632 3949; x_wconf 93' lang='lat' dir='ltr'><strong>n.</strong></span> <span class='ocrx_word' id='word_1_285' title='bbox 1656 3885 1676 3947; x_wconf 90' lang='grc'><strong>3</strong></span> <span class='ocrx_word' id='word_1_286' title='bbox 1700 3891 1766 3965; x_wconf 91' lang='lat' dir='ltr'><strong>sig·</strong></span> 
     </span>
     <span class='ocr_line' id='line_1_33' title="bbox 365 3987 1762 4068; baseline 0.002 -18"><span class='ocrx_word' id='word_1_287' title='bbox 365 3987 491 4068; x_wconf 86' lang='lat' dir='ltr'><strong>natum)</strong></span> <span class='ocrx_word' id='word_1_288' title='bbox 523 3989 745 4068; x_wconf 72' lang='lat' dir='ltr'><strong>producimus</strong></span> <span class='ocrx_word' id='word_1_289' title='bbox 776 3993 870 4050; x_wconf 88' lang='lat' dir='ltr'><strong>cuius</strong></span> <span class='ocrx_word' id='word_1_290' title='bbox 901 4004 987 4068; x_wconf 89' lang='lat' dir='ltr'><strong>opus</strong></span> <span class='ocrx_word' id='word_1_291' title='bbox 1010 3993 1148 4068; x_wconf 89' lang='lat' dir='ltr'><strong>primum</strong></span> <span class='ocrx_word' id='word_1_292' title='bbox 1173 3992 1236 4051; x_wconf 89' lang='lat' dir='ltr'><strong>sub</strong></span> <span class='ocrx_word' id='word_1_293' title='bbox 1258 3996 1390 4052; x_wconf 91' lang='lat' dir='ltr'><strong>auctore</strong></span> <span class='ocrx_word' id='word_1_294' title='bbox 1423 3991 1535 4052; x_wconf 86' lang='lat' dir='ltr'><strong>»Petro</strong></span> <span class='ocrx_word' id='word_1_295' title='bbox 1559 3991 1762 4054; x_wconf 85' lang='lat' dir='ltr'><strong>Lombardo‹</strong></span> 
     </span>
     <span class='ocr_line' id='line_1_34' title="bbox 364 4092 1765 4174; baseline 0.002 -19"><span class='ocrx_word' id='word_1_296' title='bbox 364 4099 396 4156; x_wconf 93' lang='lat' dir='ltr'><strong>in</strong></span> <span class='ocrx_word' id='word_1_297' title='bbox 409 4096 592 4172; x_wconf 89' lang='lat' dir='ltr'><strong>catalogum</strong></span> <span class='ocrx_word' id='word_1_298' title='bbox 616 4095 720 4155; x_wconf 89' lang='lat' dir='ltr'><strong>retulit</strong></span> <span class='ocrx_word' id='word_1_299' title='bbox 741 4092 825 4154; x_wconf 88' lang='lat' dir='ltr'><strong>laiso</strong></span> <span class='ocrx_word' id='word_1_300' title='bbox 848 4110 936 4154; x_wconf 86' lang='lat' dir='ltr'><strong>anno</strong></span> <span class='ocrx_word' id='word_1_301' title='bbox 963 4093 1043 4156; x_wconf 82' lang='lat'>1407</span> <span class='ocrx_word' id='word_1_302' title='bbox 1067 4093 1189 4167; x_wconf 87' lang='lat' dir='ltr'><strong>addito,</strong></span> <span class='ocrx_word' id='word_1_303' title='bbox 1213 4110 1412 4174; x_wconf 92' lang='lat' dir='ltr'><strong>quamquam</strong></span> <span class='ocrx_word' id='word_1_304' title='bbox 1436 4097 1467 4155; x_wconf 93' lang='lat' dir='ltr'><strong>in</strong></span> <span class='ocrx_word' id='word_1_305' title='bbox 1484 4097 1633 4174; x_wconf 91' lang='lat' dir='ltr'><strong>catalogo</strong></span> <span class='ocrx_word' id='word_1_306' title='bbox 1650 4095 1765 4160; x_wconf 92' lang='lat' dir='ltr'><strong>Scher-</strong></span> 
     </span>
     <span class='ocr_line' id='line_1_35' title="bbox 367 4196 1768 4281; baseline 0.003 -21"><span class='ocrx_word' id='word_1_307' title='bbox 367 4199 562 4260; x_wconf 88' lang='lat' dir='ltr'><strong>scbnikiano</strong></span> <span class='ocrx_word' id='word_1_308' title='bbox 584 4203 669 4259; x_wconf 89' lang='lat' dir='ltr'><strong>recte</strong></span> <span class='ocrx_word' id='word_1_309' title='bbox 692 4198 854 4259; x_wconf 90' lang='lat' dir='ltr'><strong>inducitur</strong></span> <span class='ocrx_word' id='word_1_310' title='bbox 879 4196 1055 4259; x_wconf 78' lang='lat' dir='ltr'><strong>»iohannis</strong></span> <span class='ocrx_word' id='word_1_311' title='bbox 1078 4197 1151 4260; x_wconf 92' lang='lat' dir='ltr'><strong>Hus</strong></span> <span class='ocrx_word' id='word_1_312' title='bbox 1175 4199 1309 4261; x_wconf 89' lang='lat' dir='ltr'><strong>Lectum</strong></span> <span class='ocrx_word' id='word_1_313' title='bbox 1340 4198 1402 4278; x_wconf 89' lang='lat' dir='ltr'><strong>(sic</strong></span> <span class='ocrx_word' id='word_1_314' title='bbox 1427 4216 1484 4278; x_wconf 92' lang='lat' dir='ltr'><strong>pro</strong></span> <span class='ocrx_word' id='word_1_315' title='bbox 1508 4201 1642 4274; x_wconf 90' lang='lat' dir='ltr'><strong>lectura)</strong></span> <span class='ocrx_word' id='word_1_316' title='bbox 1666 4219 1768 4281; x_wconf 87' lang='lat' dir='ltr'><strong>super</strong></span> 
     </span>
     <span class='ocr_line' id='line_1_36' title="bbox 367 4301 1765 4383; baseline 0.002 -18"><span class='ocrx_word' id='word_1_317' title='bbox 367 4304 376 4365; x_wconf 96' lang='lat' dir='ltr'><strong>l</strong></span> <span class='ocrx_word' id='word_1_318' title='bbox 401 4301 660 4364; x_wconf 84' lang='lat' dir='ltr'><strong>Sententiarum«</strong></span> <span class='ocrx_word' id='word_1_319' title='bbox 686 4318 762 4364; x_wconf 92' lang='lat' dir='ltr'><strong>cum</strong></span> <span class='ocrx_word' id='word_1_320' title='bbox 785 4306 872 4368; x_wconf 89' lang='lat' dir='ltr'><strong>iusto</strong></span> <span class='ocrx_word' id='word_1_321' title='bbox 895 4319 983 4364; x_wconf 91' lang='lat' dir='ltr'><strong>anno</strong></span> <span class='ocrx_word' id='word_1_322' title='bbox 1011 4303 1101 4366; x_wconf 83' lang='lat'><strong>1412.</strong></span> <span class='ocrx_word' id='word_1_323' title='bbox 1125 4302 1248 4365; x_wconf 90' lang='lat' dir='ltr'><strong>ibidem</strong></span> <span class='ocrx_word' id='word_1_324' title='bbox 1281 4310 1367 4365; x_wconf 92' lang='lat' dir='ltr'><strong>recte</strong></span> <span class='ocrx_word' id='word_1_325' title='bbox 1397 4308 1587 4383; x_wconf 91' lang='lat' dir='ltr'><strong>inscriptum</strong></span> <span class='ocrx_word' id='word_1_326' title='bbox 1612 4322 1697 4383; x_wconf 90' lang='lat' dir='ltr'><strong>opus</strong></span> <span class='ocrx_word' id='word_1_327' title='bbox 1720 4307 1765 4368; x_wconf 93' lang='lat' dir='ltr'><strong>al-</strong></span> 
     </span>
     <span class='ocr_line' id='line_1_37' title="bbox 365 4403 1765 4489; baseline 0.004 -22"><span class='ocrx_word' id='word_1_328' title='bbox 365 4412 469 4468; x_wconf 89' lang='lat' dir='ltr'><strong>terum</strong></span> <span class='ocrx_word' id='word_1_329' title='bbox 496 4405 672 4467; x_wconf 83' lang='lat' dir='ltr'><strong>»Eiusdem</strong></span> <span class='ocrx_word' id='word_1_330' title='bbox 695 4403 852 4467; x_wconf 90' lang='lat' dir='ltr'><strong>Delensio</strong></span> <span class='ocrx_word' id='word_1_331' title='bbox 875 4406 944 4467; x_wconf 88' lang='lat' dir='ltr'><strong>iibn&#39;</strong></span> <span class='ocrx_word' id='word_1_332' title='bbox 968 4408 1008 4467; x_wconf 94' lang='lat' dir='ltr'><strong>de</strong></span> <span class='ocrx_word' id='word_1_333' title='bbox 1031 4404 1185 4469; x_wconf 90' lang='lat' dir='ltr'><strong>Tn&#39;nitate</strong></span> <span class='ocrx_word' id='word_1_334' title='bbox 1208 4406 1277 4468; x_wconf 86' lang='lat' dir='ltr'><strong>Joa.</strong></span> <span class='ocrx_word' id='word_1_335' title='bbox 1300 4407 1455 4486; x_wconf 85' lang='lat' dir='ltr'><strong>Vicieph‹</strong></span> <span class='ocrx_word' id='word_1_336' title='bbox 1489 4425 1643 4487; x_wconf 91' lang='lat' dir='ltr'><strong>perverso</strong></span> <span class='ocrx_word' id='word_1_337' title='bbox 1667 4415 1765 4489; x_wconf 89' lang='lat' dir='ltr'><strong>atque</strong></span> 
     </span>
     <span class='ocr_line' id='line_1_38' title="bbox 365 4507 1762 4590; baseline 0.003 -18"><span class='ocrx_word' id='word_1_338' title='bbox 365 4515 475 4590; x_wconf 90' lang='lat' dir='ltr'><strong>inepto</strong></span> <span class='ocrx_word' id='word_1_339' title='bbox 498 4512 588 4572; x_wconf 90' lang='lat' dir='ltr'><strong>titulo</strong></span> <span class='ocrx_word' id='word_1_340' title='bbox 615 4509 791 4572; x_wconf 83' lang='lat' dir='ltr'><strong>›Johannis</strong></span> <span class='ocrx_word' id='word_1_341' title='bbox 814 4509 960 4590; x_wconf 90' lang='lat' dir='ltr'><strong>Viciephl</strong></span> <span class='ocrx_word' id='word_1_342' title='bbox 983 4507 1139 4572; x_wconf 87' lang='lat' dir='ltr'><strong>Defensio</strong></span> <span class='ocrx_word' id='word_1_343' title='bbox 1163 4511 1230 4571; x_wconf 85' lang='lat' dir='ltr'><strong>libri</strong></span> <span class='ocrx_word' id='word_1_344' title='bbox 1251 4511 1291 4572; x_wconf 93' lang='lat' dir='ltr'><strong>de</strong></span> <span class='ocrx_word' id='word_1_345' title='bbox 1307 4509 1461 4576; x_wconf 91' lang='lat' dir='ltr'><strong>Trinitate</strong></span> <span class='ocrx_word' id='word_1_346' title='bbox 1476 4511 1636 4576; x_wconf 80' lang='lat' dir='ltr'><strong>iohannis</strong></span> <span class='ocrx_word' id='word_1_347' title='bbox 1652 4513 1762 4576; x_wconf 83' lang='lat' dir='ltr'><strong>Huss‹</strong></span> 
     </span>
     <span class='ocr_line' id='line_1_39' title="bbox 366 4614 1766 4694; baseline 0.003 -15"><span class='ocrx_word' id='word_1_348' title='bbox 366 4619 569 4694; x_wconf 88' lang='lat' dir='ltr'><strong>permutavit.</strong></span> <span class='ocrx_word' id='word_1_349' title='bbox 607 4614 730 4677; x_wconf 91' lang='lat' dir='ltr'><strong>Ibidem</strong></span> <span class='ocrx_word' id='word_1_350' title='bbox 758 4621 844 4676; x_wconf 86' lang='lat' dir='ltr'><strong>recte</strong></span> <span class='ocrx_word' id='word_1_351' title='bbox 874 4619 1062 4694; x_wconf 90' lang='lat' dir='ltr'><strong>inscriptam</strong></span> <span class='ocrx_word' id='word_1_352' title='bbox 1095 4614 1227 4678; x_wconf 83' lang='lat' dir='ltr'><strong>»Jacobi</strong></span> <span class='ocrx_word' id='word_1_353' title='bbox 1258 4615 1299 4677; x_wconf 91' lang='lat' dir='ltr'><strong>de</strong></span> <span class='ocrx_word' id='word_1_354' title='bbox 1322 4614 1408 4679; x_wconf 81' lang='lat' dir='ltr'><strong>llisa</strong></span> <span class='ocrx_word' id='word_1_355' title='bbox 1431 4615 1666 4682; x_wconf 83' lang='lat' dir='ltr'><strong>Defensionem</strong></span> <span class='ocrx_word' id='word_1_356' title='bbox 1697 4621 1766 4684; x_wconf 93' lang='lat' dir='ltr'><strong>libri</strong></span> 
     </span>
    </p>
   </div>
   <div class='ocr_carea' id='block_1_3' title="bbox 366 4836 1767 5091">
    <p class='ocr_par' dir='ltr' id='par_1_4' title="bbox 366 4836 1767 5091">
     <span class='ocr_line' id='line_1_40' title="bbox 473 4836 1766 4917; baseline 0.004 -17"><span class='ocrx_word' id='word_1_357' title='bbox 473 4836 513 4916; x_wconf 72' lang='grc'><strong>29)</strong></span> <span class='ocrx_word' id='word_1_358' title='bbox 535 4845 660 4902; x_wconf 86' lang='lat' dir='ltr'><strong>Hansllir</strong></span> <span class='ocrx_word' id='word_1_359' title='bbox 684 4846 716 4916; x_wconf 90' lang='grc'><strong>(1.</strong></span> <span class='ocrx_word' id='word_1_360' title='bbox 741 4863 767 4902; x_wconf 86' lang='grc'><strong>0.</strong></span> <span class='ocrx_word' id='word_1_361' title='bbox 796 4846 869 4916; x_wconf 88' lang='grc'>131)</span> <span class='ocrx_word' id='word_1_362' title='bbox 892 4848 1059 4917; x_wconf 83' lang='lat' dir='ltr'><strong>catalogum</strong></span> <span class='ocrx_word' id='word_1_363' title='bbox 1083 4847 1220 4903; x_wconf 87' lang='lat' dir='ltr'><strong>codicum</strong></span> <span class='ocrx_word' id='word_1_364' title='bbox 1243 4846 1401 4903; x_wconf 90' lang='lat' dir='ltr'><strong>latinorum</strong></span> <span class='ocrx_word' id='word_1_365' title='bbox 1425 4863 1452 4903; x_wconf 84' lang='lat' dir='ltr'><strong>a.</strong></span> <span class='ocrx_word' id='word_1_366' title='bbox 1473 4847 1683 4904; x_wconf 88' lang='grc'>1811-1818</span> <span class='ocrx_word' id='word_1_367' title='bbox 1707 4850 1766 4905; x_wconf 89' lang='lat' dir='ltr'><strong>ela·</strong></span> 
     </span>
     <span class='ocr_line' id='line_1_41' title="bbox 366 4928 1767 5009; baseline 0.003 -21"><span class='ocrx_word' id='word_1_368' title='bbox 366 4935 500 4988; x_wconf 89' lang='lat' dir='ltr'><strong>boratum</strong></span> <span class='ocrx_word' id='word_1_369' title='bbox 524 4948 588 4988; x_wconf 90' lang='lat' dir='ltr'><strong>esse</strong></span> <span class='ocrx_word' id='word_1_370' title='bbox 613 4933 745 5004; x_wconf 82' lang='lat' dir='ltr'><strong>affirmat,</strong></span> <span class='ocrx_word' id='word_1_371' title='bbox 769 4933 855 5004; x_wconf 78' lang='lat' dir='ltr'><strong>Spirlr</strong></span> <span class='ocrx_word' id='word_1_372' title='bbox 878 4941 974 4989; x_wconf 87' lang='lat' dir='ltr'><strong>autern</strong></span> <span class='ocrx_word' id='word_1_373' title='bbox 999 4930 1030 5009; x_wconf 95' lang='lat' dir='ltr'><strong>(l.</strong></span> <span class='ocrx_word' id='word_1_374' title='bbox 1056 4950 1081 4990; x_wconf 87' lang='lat' dir='ltr'><strong>c.</strong></span> <span class='ocrx_word' id='word_1_375' title='bbox 1098 4928 1153 5009; x_wconf 82' lang='lat'><strong>44)</strong></span> <span class='ocrx_word' id='word_1_376' title='bbox 1175 4937 1334 4990; x_wconf 87' lang='lat' dir='ltr'><strong>eorundem</strong></span> <span class='ocrx_word' id='word_1_377' title='bbox 1358 4935 1494 4990; x_wconf 90' lang='lat' dir='ltr'><strong>codicum</strong></span> <span class='ocrx_word' id='word_1_378' title='bbox 1517 4937 1684 5008; x_wconf 83' lang='lat' dir='ltr'><strong>catalogum</strong></span> <span class='ocrx_word' id='word_1_379' title='bbox 1708 4937 1767 4992; x_wconf 85' lang='lat' dir='ltr'><strong>iam</strong></span> 
     </span>
     <span class='ocr_line' id='line_1_42' title="bbox 366 5019 1049 5091; baseline 0.003 -15"><span class='ocrx_word' id='word_1_380' title='bbox 366 5037 395 5078; x_wconf 83' lang='lat' dir='ltr'><strong>a.</strong></span> <span class='ocrx_word' id='word_1_381' title='bbox 422 5019 503 5076; x_wconf 87' lang='grc'>1815</span> <span class='ocrx_word' id='word_1_382' title='bbox 527 5020 694 5076; x_wconf 83' lang='lat' dir='ltr'><strong>absolutum</strong></span> <span class='ocrx_word' id='word_1_383' title='bbox 718 5035 783 5076; x_wconf 87' lang='lat' dir='ltr'><strong>esse</strong></span> <span class='ocrx_word' id='word_1_384' title='bbox 806 5021 881 5078; x_wconf 79' lang='lat' dir='ltr'><strong>saiso</strong></span> <span class='ocrx_word' id='word_1_385' title='bbox 903 5021 1049 5091; x_wconf 87' lang='lat' dir='ltr'><strong>opinatur.</strong></span> 
     </span>
    </p>
   </div>
   <div class='ocr_carea' id='block_1_4' title="bbox 0 0 2029 5972">
    <p class='ocr_par' dir='ltr' id='par_1_5' title="bbox 0 0 2029 5972">
     <span class='ocr_line' id='line_1_43' title="bbox 0 0 2029 5972; baseline 0 0"><span class='ocrx_word' id='word_1_386' title='bbox 0 0 2029 5972; x_wconf 95' lang='lat' dir='ltr'><strong> </strong></span> 
     </span>
    </p>
   </div>
  </div>
 </body>
</html>
