4046 5972
1050 515 1109 576 103

920 599 1231 612 —-——--

378 723 489 788 »Sicut
511 731 544 787 in
567 726 773 804 philosophia
796 730 905 786 motus
928 731 960 785 et
983 727 1196 801 operaciones
1220 719 1327 780 referri
1355 725 1599 779 consueverunt
1633 718 1676 777 ad
1712 717 1774 778 tor·

376 829 468 873 mas«
495 816 527 869 ><
553 811 710 891 »Explicit
721 817 876 872 tractatus
889 815 1089 889 peroptimus
1102 809 1142 868 de
1155 809 1357 868 discrecione
1370 804 1573 865 diversorum
1591 808 1772 881 spirituum,

375 900 495 978 quibus
518 901 608 960 multi
630 903 735 960 eclam
757 898 918 959 notabiles
941 902 974 958 in
996 897 1137 956 ecclesia
1159 894 1372 972 decipiuntur,
1406 907 1482 952 cum
1505 890 1674 951 Iohannes
1697 909 1775 969 apo-

376 987 481 1046 stolus
504 986 606 1046 dieat:
629 983 703 1046 Non
726 989 815 1045 omni
839 987 962 1062 spiritui
986 983 1131 1043 credas«

482 1075 603 1145 Utrique
625 1076 763 1147 operculo
787 1075 970 1146 adglutinata
993 1079 1063 1127 sunt
1086 1071 1205 1126 membr.
1230 1069 1279 1126 lol.
1305 1069 1499 1123 vetustiorum
1523 1068 1671 1135 codicum,
1706 1084 1779 1139 quo-

376 1177 439 1216 rum
463 1163 534 1217 alter
557 1167 617 1216 erat
639 1161 819 1218 Breviarium
843 1177 921 1217 saec.
945 1158 1023 1226 XIV,
1047 1159 1119 1213 alter
1142 1156 1297 1212 Sermones
1321 1156 1466 1225 quosdam
1490 1170 1569 1210 saec.
1593 1152 1660 1210 XIII
1684 1157 1778 1209 conti-

376 1249 472 1304 nebat.
497 1247 598 1304 Codex
620 1251 745 1319 primum
757 1249 848 1318 (saec.
866 1245 934 1316 XV)
958 1253 1019 1300 erat
1039 1245 1208 1300 monasterii
1223 1241 1428 1308 Tiebonensis,
1453 1241 1559 1296 deiude
1583 1241 1776 1296 bibliothecae

373 1335 614 1404 Rosenbergicae,
638 1351 674 1390 ex
697 1351 755 1405 qua
779 1342 904 1389 monast.
935 1331 1024 1403 praei.
1060 1331 1210 1386 restitutus
1233 1344 1300 1384 curn
1323 1329 1404 1382 libris
1428 1329 1558 1383 eiusdem
1581 1329 1719 1383 omnibus
1739 1331 1776 1384 ad

375 1437 431 1476 nos
454 1422 593 1492 pervenit.

481 1587 553 1670 1⁰3
990 1585 1020 1660 I.
1051 1584 1174 1660 012.

373 1727 483 1788 chart.
505 1744 594 1788 saec.
617 1725 686 1786 XV
694 1726 743 1808 ff.
765 1727 828 1788 261
855 1745 959 1800 irritu,
981 1727 1022 1788 31
1037 1725 1125 1786 ><22
1148 1742 1210 1786 cm.
1234 1725 1256 1785 2
1278 1743 1323 1784 m.

482 1847 502 1908 i.
531 1843 686 1907 1¹²—lllb
706 1847 896 1925 (Iohannis
931 1847 1024 1925 llus)
1058 1845 1321 1908 Lectionarium
1359 1829 1658 1922 quadragesimale
1696 1864 1775 1908 cum

373 1933 625 2018 commentario
648 1938 684 1995 et
706 1935 801 1996 notis
826 1934 1110 1996 interlinearibus
1133 1933 1255 1994 latinis
1278 1938 1314 1993 et
1335 1931 1468 2009 glossis
1492 1931 1686 1994 bohemicis
1712 1933 1774 2015 (Cl.

372 2017 510 2082 Vesinik
534 2019 570 2082 C.
596 2021 634 2083 A.
662 2020 742 2082 1897
767 2039 796 2100 p.
821 2021 909 2100 472).

484 2106 714 2167 ›Immutemur
735 2109 847 2168 habitu
869 2112 902 2167 in
926 2111 1033 2167 cinere
1057 2112 1089 2166 et
1111 2107 1242 2167 cilicio«
1271 2108 1302 2162 ><
1327 2106 1481 2176 (Exarata
1504 2107 1652 2184 epistola,
1687 2124 1771 2185 quae
1797 2181 1809 2198 ,

372 2194 486 2271 legitur
509 2192 563 2254 ler.
588 2192 613 2253 ll
637 2199 712 2270 post
735 2193 845 2268 Palm,
869 2194 976 2255 scriba
1000 2198 1086 2270 prior
1118 2209 1203 2270 opus
1238 2209 1335 2253 suum
1370 2194 1511 2253 absolvit
1545 2193 1596 2253 his
1630 2195 1771 2261 verbiszl

375 2279 423 2341 »O
447 2281 546 2340 lector
568 2284 638 2339 sive
660 2281 797 2354 auditor,
822 2285 848 2341 si
872 2282 980 2359 aliqua
1002 2284 1149 2340 invenies
1173 2281 1344 2340 intellectui
1368 2286 1425 2340 tuo
1448 2285 1637 2358 incongrua.
1661 2285 1770 2342 amici-

372 2371 456 2428 ciam
479 2372 622 2428 vestram
646 2383 854 2445 summopere
877 2383 967 2444 rog0,
991 2373 1153 2443 quatenus
1187 2370 1351 2426 caritative
1386 2368 1562 2446 dignemini
1596 2367 1769 2429 reformare

371 2470 439 2514 non
462 2453 662 2513 detrahendo
686 2454 782 2514 michi
806 2470 845 2513 ac
867 2455 982 2514 honori
1006 2469 1080 2512 meo
1103 2458 1136 2512 et
1157 2459 1292 2512 cetera«

480 2539 500 2600 i.
529 2536 728 2600 1422-256b
759 2539 947 2619 (Iohannis
980 2538 1073 2616 llus)
1108 2539 1257 2600 Lectura
1286 2540 1327 2600 de
1359 2540 1494 2601 sanctis
1518 2539 1768 2620 (Lectionarium

372 2627 517 2686 similiter
537 2633 634 2703 atque
659 2626 859 2704 praecedens
884 2623 1099 2702 instructum).
1128 2623 1219 2686 »Non
1242 2632 1293 2686 est
1325 2627 1397 2686 talis
1428 2629 1542 2687 mulier
1577 2643 1677 2705 supra
1710 2633 1770 2690 ter-

371 2729 460 2776 ram«
486 2714 519 2768 ><
545 2711 743 2773 »Concidisti
768 2730 901 2774 saccum
926 2729 1035 2772 meum
1059 2720 1091 2772 et
1113 2717 1234 2773 circum
1258 2730 1310 2772 me
1333 2714 1446 2773 leticia.
1490 2713 1628 2792 Explicit
1650 2715 1772 2774 lectura

371 2799 412 2859 de
437 2803 560 2859 sanctis
583 2817 640 2877 per
662 2816 780 2860 manus
805 2807 836 2860 et
858 2816 924 2860 non
948 2816 1005 2876 per
1027 2797 1186 2876 pe[des].‹

458 2884 613 2945 Lecturae
637 2887 841 2963 praecedenti
864 2891 1007 2946 insertus
1030 2891 1082 2945 est
1103 2885 1155 2945 lol.
1181 2885 1244 2945 255
1266 2885 1294 2946 ἃ
1316 2885 1396 2946 256;

370 2970 492 3033 Sermo
515 2971 603 3049 Mag.
627 2971 824 3050 (Stephani)
848 2975 890 3035 de
913 2971 1034 3032 Palecz
1056 2972 1097 3032 de
1121 2972 1364 3050 assumptione
1398 2970 1432 3033 S.
1456 2973 1587 3036 Mariae
1611 2972 1770 3053 Virginis

974 3058 1012 3119 in
1033 3058 1165 3136 vigilia.

479 3144 500 3204 l.
524 3141 727 3206 2572-261l’
746 3145 927 3207 Tractatus
952 3147 993 3206 de
1028 3161 1174 3222 corpore
1209 3145 1352 3207 Christi,
1402 3146 1562 3206 »Primum
1597 3151 1770 3228 principale

371 3235 463 3309 primi
487 3233 615 3308 capituli
639 3233 773 3310 qualiter
796 3232 940 3292 humana
962 3236 1048 3292 racio
1079 3237 1250 3310 concipere
1274 3239 1396 3310 possit«
1418 3235 1450 3290 ><
1469 3239 1519 3294 »et
1535 3239 1612 3312 quia
1627 3241 1769 3298 maxime

370 3321 558 3380 nutritivum
581 3318 640 3379 fuit
662 3325 694 3378 et
716 3323 764 3379 sic
787 3317 948 3392 Christus
972 3323 1028 3396 qui
1051 3324 1102 3379 est
1125 3320 1208 3379 deus
1232 3320 1425 3380 benedictus
1449 3325 1481 3382 in
1506 3323 1618 3382 secula
1642 3325 1767 3384 seculo-

370 3420 440 3464 rum
464 3404 579 3464 Amen.
604 3405 742 3483 Explicit
764 3409 919 3466 tractatus
942 3406 983 3465 de
1006 3422 1142 3483 corpore
1166 3405 1285 3468 Christi
1308 3408 1403 3467 valde
1427 3409 1513 3468 utilis
1537 3414 1570 3468 et
1584 3409 1671 3469 valet
1685 3410 1768 3471 bene

370 3497 403 3551 et
424 3496 532 3550 cetera
556 3508 613 3568 pro
638 3493 851 3570 simplicibus

476 3659 551 3743 104
988 3664 1017 3738 I.
1048 3663 1085 3740 C.
1112 3664 1173 3738 13.

366 3803 476 3863 chart.
499 3820 532 3862 o.
557 3801 643 3863 1470
662 3802 702 3884 ff.
725 3803 790 3865 247
813 3822 918 3878 num,
943 3805 983 3866 31
1000 3805 1083 3866 ><21
1108 3823 1170 3866 cm.
1194 3805 1226 3867 d.
1250 3825 1295 3867 m.

473 3922 527 3984 Fr.
551 3921 707 3985 Simonis
731 3924 984 3987 Cremonensis
1008 3926 1075 3988 ord.
1101 3927 1184 3988 fratr.
1209 3933 1329 3988 eremit.
1362 3928 1394 3989 S.
1421 3929 1502 4006 Aug.
1538 3929 1636 4008 Opus
1670 3950 1768 4010 prae·

367 4009 514 4071 dicabile
538 4027 644 4087 super
665 4011 848 4086 evangelia
870 4013 1127 4075 dominicarum
1149 4015 1260 4076 totius
1283 4015 1378 4077 anni.

473 4096 493 4157 l.
523 4097 533 4156 l
566 4096 661 4176 »[E]x
697 4095 971 4160 Cremonensium
1005 4101 1171 4178 spectabili
1207 4107 1360 4180 prosapia
1383 4105 1522 4163 oriundo
1547 4122 1609 4164 suo
1648 4105 1765 4167 dilecto

364 4200 521 4261 germano
545 4185 735 4262 presbytero
759 4186 924 4247 Anthonio
947 4186 1044 4246 frater
1068 4187 1100 4248 S.
1125 4187 1180 4249 lt«
1209 4191 1241 4246 ><
1264 4188 1284 4249 i.
1310 4189 1390 4249 233²
1427 4191 1618 4268 »ydolorum
1654 4195 1765 4254 mundi

364 4270 563 4347 decepcione
586 4269 661 4350 (sic)
685 4276 877 4334 resistamus
900 4291 979 4333 vera
1000 4278 1198 4334 contricione
1223 4275 1337 4338 Amen.
1362 4275 1404 4336 Et
1426 4283 1473 4337 sic
1498 4284 1549 4338 est
1572 4279 1647 4339 linis
1669 4280 1766 4340 huius

366 4373 502 4434 opens«

472 4442 492 4503 i.
517 4439 719 4502 2342-247b
738 4442 865 4505 Tabula
887 4446 1091 4523 alphabetica
1125 4452 1341 4508 materiarum.
1382 4449 1538 4527 »Explicit
1569 4453 1679 4514 tabula
1703 4453 1762 4532 Sy-

364 4533 473 4589 monis
496 4529 537 4588 de
561 4529 724 4592 Cremona
746 4548 846 4608 super
867 4535 1056 4610 ewangeliis
1079 4539 1211 4594 exarata
1235 4552 1292 4612 per
1325 4553 1377 4596 me
1413 4535 1614 4599 Conradum
1649 4539 1767 4618 Kyber

364 4616 406 4676 de
429 4613 619 4678 veldkirch
643 4623 720 4678 tunc
744 4623 900 4695 temporis
924 4623 1143 4697 primissarius
1177 4621 1253 4700 (sic)
1287 4626 1319 4682 in
1353 4621 1475 4684 Montis
1499 4623 1764 4687 Constantiensis

362 4702 498 4780 dyoces.
523 4707 556 4762 in
578 4705 686 4781 vigilia
709 4702 928 4766 Bartholomei
952 4709 1093 4784 apostoli
1121 4704 1232 4768 tito«

471 4791 623 4864 Operculis
647 4795 810 4865 aglutinata
832 4801 902 4852 sunt
925 4795 1026 4866 fragm.
1052 4800 1171 4856 membr.
1196 4800 1362 4858 document.
1387 4816 1527 4870 german,
1542 4819 1667 4874 quorum
1683 4804 1764 4874 prius

362 4879 422 4937 dat.
446 4885 491 4934 est
518 4879 608 4938 1452.
644 4880 746 4947 Codex
769 4885 893 4952 primurn
926 4884 996 4939 bibl.
1028 4883 1268 4955 Rosenbergicae,
1299 4889 1403 4942 deinde
1436 4897 1562 4947 monast.
1599 4889 1766 4947 'liebonen-

363 4969 404 5020 sis
428 4973 498 5023 erat.

1049 5193 1082 5242 :tt
