4046 5972
934 576 972 638 19

251 785 355 847 Anno
380 783 472 848 1763.
495 783 554 862 (Re
577 802 655 846 vera
678 785 756 846 liber
778 788 922 846 continet
965 783 1146 864 Syllabum
1183 800 1329 862 operum
1358 783 1416 846 SS.
1451 781 1594 844 Patrum
1618 786 1653 843 et

252 871 468 951 Scriptorum
490 870 690 947 Ecclesiae).

356 961 401 1018 Ad
425 963 536 1018 calcem
559 963 634 1018 tituli
657 962 731 1017 haec
754 966 824 1016 nota
846 967 907 1016 est:
932 959 1042 1016 Omnes
1065 961 1107 1016 illi
1130 961 1228 1016 Patres
1252 962 1299 1016 hic
1322 961 1488 1030 consignati
1519 966 1651 1030 prostant

251 1049 281 1104 ln
305 1049 481 1105 bibliotheca
504 1049 764 1119 sumptuosissima
787 1048 999 1118 archiepiscopi
1024 1048 1190 1118 Pragensls.
1230 1063 1266 1102 ex
1289 1061 1412 1118 quorum
1437 1046 1574 1116 operibus
1597 1062 1651 1117 ego

251 1151 287 1190 ea
309 1136 408 1190 omnia
431 1137 572 1206 exscripsi
596 1142 650 1191 etc.
675 1134 707 1190 ln
730 1134 779 1190 fol.
803 1137 846 1190 tit.
870 1149 986 1204 praec:
1010 1134 1095 1190 Dono
1118 1137 1178 1191 datl
1203 1134 1275 1206 (sic)
1298 1150 1334 1190 ex
1358 1133 1564 1189 benevolentia
1586 1132 1649 1189 Jos.

251 1221 381 1280 Barisien
410 1223 490 1277 1766
514 1223 591 1292 (sine
615 1223 705 1277 dubio
729 1221 805 1276 sicut
828 1222 945 1276 codices
970 1224 1102 1292 praeced.
1127 1229 1154 1276 et
1177 1223 1297 1292 subseq.
1322 1219 1515 1276 bibliothecae
1533 1220 1649 1290 collegii

250 1307 283 1365 S.
306 1308 331 1364 J.
357 1307 596 1379 Neo-Pragensl).

356 1473 399 1556 14
841 1475 870 1550 I.
900 1475 946 1550 A.
975 1476 1037 1550 12.

251 1615 356 1676 chart.
379 1619 514 1696 arriogr.
537 1633 570 1676 α.
594 1614 679 1678 1760
689 1613 737 1696 ff.
761 1613 825 1676 126
848 1633 939 1676 rrrrm.
962 1617 1008 1678 35
1019 1615 1105 1678 ><22
1128 1633 1192 1676 cm.

362 1735 651 1816 »Quatuordecim
672 1735 857 1815 Imagines,
881 1737 1079 1816 sapientum
1102 1737 1204 1800 dictis
1235 1752 1488 1815 expressae...
1507 1735 1649 1814 compil-

250 1827 361 1886 latore
384 1823 459 1902 (sic)
482 1823 509 1884 J.
534 1823 570 1884 E.
585 1822 651 1884 .B.‹
678 1822 848 1901 tlosepho
873 1822 1021 1886 Ernesto
1045 1823 1229 1902 Barisien).
1253 1823 1374 1902 Pragae
1395 1821 1486 1884 1760.
1512 1822 1646 1901 (Produ-

249 1917 367 1971 cuntur
389 1911 440 1971 hic
464 1912 525 1970 loci
550 1915 744 1988 scriptorum
769 1911 983 1972 classicorum
1006 1911 1048 1972 ad
1071 1915 1205 1972 virtutes
1229 1912 1391 1989 quasdam
1422 1914 1454 1970 et
1477 1911 1648 1971 hominum

251 1997 383 2057 ordines
408 1997 619 2075 spectantes.)

354 2085 538 2158 Quamquam
563 2089 593 2141 in
615 2086 708 2142 fronte
732 2087 797 2142 libri
820 2087 908 2142 huius
932 2087 971 2142 rei
994 2089 1103 2142 mentio
1134 2103 1193 2142 non
1223 2087 1264 2157 fit,
1295 2086 1397 2157 procul
1429 2087 1519 2140 dubio
1551 2088 1646 2141 codex

248 2176 377 2228 donatus
400 2181 445 2228 est
468 2191 485 2228 a
509 2174 697 2245 compilatore
720 2173 797 2228 sicut
820 2173 938 2228 codices
955 2176 1160 2246 praecedentes
1176 2179 1204 2229 et
1220 2173 1432 2242 subsequentes
1454 2173 1647 2228 bibliothecae

247 2261 363 2330 collegii
387 2259 417 2318 S.
441 2259 467 2316 J.
492 2259 701 2332 Neopragensi.

357 2427 397 2508 15
428 2427 468 2508 16
844 2427 874 2502 I.
902 2428 950 2503 A.
978 2427 1040 2503 13.

250 2563 385 2630 Codices
407 2567 473 2630 duo
498 2567 606 2630 chart.
631 2573 766 2650 arriogr.
791 2589 824 2632 a.
848 2569 936 2631 1755
956 2573 985 2628 et
1008 2569 1094 2632 1756
1126 2567 1268 2640 exarati,
1300 2585 1446 2647 quorum
1480 2569 1569 2630 alter
1602 2571 1648 2650 (a)

245 2653 321 2728 264,
344 2655 432 2716 aller
455 2657 502 2732 (b)
524 2655 590 2718 239
604 2651 647 2738 ff
671 2675 764 2718 num.
787 2657 831 2719 36
843 2656 928 2717 ><21
953 2673 1016 2716 cm.
1042 2655 1190 2716 continet.

357 2779 487 2848 (Titulus
511 2779 548 2848 l.)
570 2773 689 2837 Notata
712 2777 752 2837 de
776 2776 1022 2838 Haeresiarchis
1046 2782 1077 2837 et
1099 2775 1310 2837 Haeresibus.
1346 2779 1473 2850 (Titulus
1497 2779 1548 2850 ll.)
1582 2774 1645 2837 No-

246 2869 323 2934 tata,
348 2879 408 2923 seu
431 2861 586 2924 Lexicon
609 2866 796 2925 haeresum
820 2880 908 2936 pene
933 2864 1100 2938 omnium,
1135 2880 1219 2942 quae
1253 2880 1273 2923 a
1307 2867 1507 2941 reparatione
1532 2863 1645 2924 mundi

245 2949 289 3009 ad
313 2955 425 3010 nostra
448 2966 554 3028 usque
579 2955 726 3028 tempora
749 2955 1002 3021 insurrexerunt,
1037 2967 1078 3010 ex
1111 2956 1257 3011 veterum
1288 2954 1569 3029 recentiorumque
1594 2968 1644 3011 ec-

247 3037 503 3098 clesiasticarum
542 3053 648 3097 rerum
684 3038 894 3115 scriptoribus
929 3043 1038 3098 erutae
1077 3043 1108 3098 et
1142 3041 1174 3098 in
1205 3053 1307 3097 unum
1342 3038 1496 3098 volumen
1531 3038 1644 3098 ordine

246 3123 449 3200 alphabetico
474 3123 625 3184 reductae
649 3141 669 3182 a
692 3123 718 3184 J.
743 3122 779 3184 E.
805 3123 840 3184 Β.
864 3123 1034 3200 (Joseplro
1056 3122 1205 3185 Ernesto
1228 3121 1410 3201 Barisien.)

354 3213 438 3268 Dono
469 3213 529 3268 dati
561 3229 578 3268 a
607 3212 633 3269 J.
664 3213 697 3270 E.
728 3213 860 3270 Barisien
890 3214 960 3270 bibl.
992 3214 1107 3284 collegii
1138 3212 1168 3270 S.
1192 3212 1218 3270 J.
1242 3213 1350 3284 Pragae
1381 3214 1418 3267 ad
1443 3212 1473 3269 S.
1497 3212 1644 3284 Ignatium

245 3315 273 3354 a.
301 3300 391 3356 1766.

350 3465 387 3546 17
839 3466 869 3543 Ι.
898 3469 944 3544 Α.
971 3468 1034 3543 lai.

244 3607 353 3669 chart.
377 3611 512 3688 arrtogr.
536 3627 568 3668 a.
592 3607 680 3670 1755
696 3607 736 3690 ffi
759 3608 833 3670 322.
857 3626 948 3670 narn.
972 3610 1018 3670 35
1029 3609 1111 3670 ><21
1136 3627 1201 3671 απ.

357 3727 503 3790 »Notata
526 3729 568 3790 de
591 3729 784 3804 Atheismo
813 3729 1042 3808 Ethnicismo‚
1076 3729 1271 3808 ludaismo,
1304 3737 1339 3794 et
1361 3731 1644 3810 Philosopbismo

244 3815 411 3878 historice
434 3815 640 3893 conscripta,
666 3817 806 3878 subinde
822 3822 855 3879 in
872 3818 1017 3878 debitum
1033 3819 1180 3878 ordinem
1200 3818 1386 3896 redigenda.
1411 3819 1489 3879 Pars
1506 3818 1527 3880 l.
1545 3821 1642 3880 Anno

246 3901 374 3962 Domini
402 3901 493 3962 1755.
517 3902 545 3964 J.
562 3902 597 3964 E.
623 3903 679 3964 E«
705 3902 943 3982 (=Josephus
958 3903 1129 3966 Ernestus
1144 3904 1327 3981 Barisien.)
1344 3906 1437 3980 (Pars
1453 3904 1478 3965 ll
1495 3911 1642 3985 sequitur

243 4007 264 4049 a
286 3988 340 4049 iol.
364 3987 429 4049 210
451 4006 556 4068 usque
580 3990 622 4050 ad
645 3987 733 4068 322).

244 4164 265 4220 S
299 4164 311 4219 l
353 4077 455 4134 Codex
479 4082 515 4134 ab
540 4087 658 4136 auctore
681 4097 708 4138 a.
737 4081 816 4137 1766
841 4082 968 4136 donatus
1000 4082 1192 4137 bibliothecae
1224 4081 1338 4151 cellegii
1370 4081 1400 4140 S.
1424 4081 1450 4136 J.
1474 4081 1581 4152 Pragae
1605 4084 1642 4138 ad

269 4209 275 4221 .
313 4166 454 4236 gnatium.

351 4332 392 4414 18
423 4331 463 4414 19
837 4335 868 4410 I.
899 4335 943 4410 A.
972 4336 1032 4411 15.

245 4469 378 4536 Codices
400 4475 468 4536 duo
490 4476 596 4537 chart.
619 4479 755 4554 artiogr.
778 4494 810 4536 a.
836 4476 920 4536 1757
933 4475 979 4557 ff.
1001 4473 1196 4550 323³r296,
1219 4476 1262 4539 33
1276 4477 1360 4538 ><21
1385 4495 1448 4537 cru.

354 4595 589 4676 »Polyanthea
610 4596 806 4658 Haeresum
829 4614 848 4655 a
872 4596 1144 4675 Philosophorum
1167 4598 1294 4658 Placitis
1318 4596 1559 4676 Gentiliumque
1584 4599 1641 4660 Fa-

242 4683 328 4744 bulis
352 4685 513 4753 inchoata,
548 4682 747 4744 Judaeorum
782 4683 1008 4745 Deliramentis
1043 4689 1240 4755 continuata,
1276 4701 1335 4745 nec
1367 4702 1433 4746 non
1457 4682 1641 4746 Haeresiar-

241 4770 375 4830 charum
401 4769 569 4830 Erroribus
592 4788 613 4830 a
635 4777 780 4848 tempore
804 4771 1036 4847 Apostolorum
1060 4771 1101 4831 ad
1126 4779 1238 4832 nostra
1268 4787 1374 4849 usque
1405 4778 1553 4849 tempora
1586 4773 1640 4832 de-

242 4857 349 4917 ducta.
374 4855 592 4935 Compilatore
615 4855 773 4935 Josepho
795 4856 945 4918 Ernesto
967 4856 1135 4930 Barisien‚
1171 4863 1224 4938 qui
1255 4859 1317 4918 hoc
1349 4875 1434 4935 opus
1457 4865 1533 4937 post
1557 4861 1636 4920 mul-

242 4951 351 5091 {sirmiiv
370 4961 531 5005 annorum
555 4945 699 5004 laborem
723 4961 752 5004 a.
781 4943 860 5003 1757
884 4949 1155 5005 consummarit«
1188 4944 1284 5006 Tom.
1309 4945 1329 5005 Ι.
1355 4945 1461 5006 s-L.
1484 4944 1580 5007 Tom.
1605 4945 1640 5007 ll.

933 5255 949 5304 5
