4004 5966
1067 535 1125 597 291

394 746 498 820 rium,
523 745 710 823 Speculum
732 743 881 807 animae.
909 743 1072 823 »Sapienti
1094 762 1134 805 ac
1157 744 1255 805 nobili
1279 748 1364 804 viro·
1394 744 1427 799 ><
1453 745 1537 804 »hoc
1560 745 1702 802 caritatis
1720 757 1802 801 con-

397 837 552 912 scriptum
576 849 686 911 opus,
705 883 711 893 .
730 880 736 892 .
761 831 900 910 Explicit
923 830 1102 910 Speculum
1126 836 1267 892 anime«.

499 936 520 996 i.
544 936 706 997 532—57a
729 934 762 997 S.
786 935 953 998 Bernardi
975 934 1156 997 Tractatus
1180 935 1337 996 debona
1364 932 1590 996 conscientia

499 1040 519 1100 1.
543 1035 705 1100 sta-64¹>
734 1039 1006 1117 »Exposiciones
1034 1040 1168 1101 alarum
1191 1046 1227 1099 et
1248 1054 1442 1116 pennarum
1466 1038 1508 1099 de
1531 1053 1596 1098 sex
1621 1036 1687 1098 alis
1710 1035 1797 1098 Che-

394 1127 584 1275 &ignes
607 1125 783 1266 bernardi.
811 1126 936 1188 »Prima
959 1128 1010 1187 ala
1033 1132 1084 1187 est
1106 1126 1292 1188 confessio«
1320 1127 1352 1182 ><
1379 1129 1573 1203 »eternaque
1598 1123 1710 1184 truens
1742 1125 1798 1184 be-

498 1318 519 1379 i.
543 1314 705 1380 ott—81²
726 1316 945 1379 Tractatulus
968 1317 1010 1379 de
1033 1322 1169 1394 septem
1191 1315 1343 1393 peccatis
1359 1313 1564 1377 mortalibus
1591 1319 1800 1392 »excerptus

396 1406 437 1466 de
459 1404 557 1480 libro,
582 1404 641 1483 qui
663 1403 862 1467 intitulatur
882 1403 1008 1465 Diaeta
1029 1404 1175 1465 salutis«
1201 1403 1246 1481 (s.
1269 1401 1562 1476 Bonaventurae).

498 1508 518 1568 i.
543 1504 726 1570 811-1231
749 1507 838 1587 Mag.
861 1508 1043 1569 Albertani
1066 1506 1234 1569 causidici
1263 1505 1457 1568 Brixiensis
1484 1503 1587 1567 Liber
1611 1507 1653 1567 de
1676 1505 1798 1567 causis

394 1595 550 1656 mortis«
576 1595 714 1656 Presens
738 1613 823 1673 opus
846 1595 998 1656 dividitur
1020 1599 1051 1656 in
1071 1595 1236 1673 spartes«
1263 1597 1295 1649 ><
1322 1600 1372 1653 »et
1395 1609 1516 1653 uxores
1541 1609 1655 1654 eorum
1687 1597 1792 1670 capti·

394 1699 456 1742 vos
483 1682 677 1742 duxerunt«

499 1784 519 1846 i.
549 1783 749 1846 1231-124·
773 1785 822 1846 De
847 1785 929 1846 ludo
953 1787 1134 1846 taxillorum
1157 1787 1209 1845 vel
1232 1801 1405 1845 scacorum
1429 1789 1633 1862 (excerptum
1657 1800 1700 1844 ex
1716 1789 1798 1844 trac-

394 1877 463 1934 tatu
486 1871 641 1951 Stephani
666 1871 815 1935 Chimere
830 1871 928 1931 :itt
953 1870 1111 1950 Stephani
1136 1872 1176 1931 de
1201 1869 1362 1950 Colonia).

499 1976 519 2036 l.
547 1973 749 2037 1241-1341‘
773 1976 821 2054 (S.
846 1975 1051 2054 Augustini)
1075 1975 1228 2036 Libellus
1250 1975 1293 2037 de
1309 1973 1476 2038 conflictu
1491 1975 1657 2038 vitiorum
1675 1980 1711 2037 et
1726 1975 1796 2036 vir-

392 2067 518 2124 tutum.
545 2064 752 2141 »Apostolica
774 2080 842 2123 vox
865 2065 986 2124 clamat
1009 2080 1066 2140 per
1102 2063 1233 2123 orbern«
1261 2064 1293 2118 ><
1319 2067 1553 2140 »cognovisset
1587 2063 1668 2122 alias
1705 2079 1794 2122 com·

395 2153 548 2210 misisset.
573 2149 712 2228 Explicit
734 2152 753 2209 l.
777 2151 818 2209 de
843 2147 941 2210 conll.
965 2167 997 2210 v.
1022 2155 1054 2210 et
1075 2167 1126 2209 v.«

498 2253 519 2314 f.
547 2249 749 2314 1352-1631’
772 2252 930 2331 Epistola
964 2252 1099 2314 datad.
1123 2253 1164 2314 Α.
1187 2252 1286 2316 verbi
1310 2251 1366 2314 dei
1395 2252 1601 2315 seminatori
1624 2253 1660 2314 in
1681 2253 1795 2332 Praga

395 2339 452 2418 (de
474 2339 710 2402 inobedientia
732 2342 903 2402 adversus
927 2339 1104 2417 praelatos
1128 2346 1164 2400 et
1187 2339 1433 2401 communione
1464 2339 1530 2400 sub
1553 2345 1699 2416 utraque
1723 2357 1799 2418 spe-

395 2426 474 2505 cie).
498 2427 660 2500 (Eandem
684 2428 794 2488 datam
819 2428 849 2487 d.
875 2425 968 2487 Gallo
991 2445 1022 2487 v.
1047 2430 1079 2511 in
1103 2426 1176 2487 cod.
1200 2427 1221 2488 1.
1247 2424 1281 2487 B.
1306 2425 1391 2486 291.
1421 2428 1469 2495 11,
1495 2426 1606 2487 datam
1630 2426 1797 2488 Jacobello

394 2514 435 2573 de
458 2513 544 2575 Misa
566 2514 650 2575 edid.
675 2513 787 2588 Hardt‚
812 2514 851 2574 el.
878 2511 1015 2574 Vestnik
1039 2512 1148 2576 Ceske
1172 2513 1278 2574 Akad.
1302 2512 1337 2583 ΙΙ,
1361 2511 1428 2585 63).

498 2635 518 2696 f.
547 2633 749 2698 1642-1681‘
772 2634 876 2697 Notae
900 2641 1008 2696 variae
1033 2642 1064 2696 et
1086 2641 1240 2713 excerpta
1264 2639 1398 2696 minora.

498 2756 518 2818 i.
547 2755 748 2818 lose-1871>
772 2757 839 2836 (Fr.
863 2757 1047 2836 Torsonis)
1071 2756 1216 2819 Summa
1252 2756 1517 2818 haereticorum.
1568 2756 1699 2836 »Incipit
1733 2759 1799 2818 dis·

394 2849 541 2920 ceptaeio
565 2845 717 2905 katholici
740 2851 772 2905 et
794 2846 936 2912 heretici,
961 2851 993 2906 et
1016 2845 1131 2904 dicitur
1154 2848 1223 2904 sive
1258 2844 1435 2904 intitulatur
1469 2841 1607 2904 Summa
1641 2845 1798 2905 heretico-

394 2946 486 2989 rum«
511 2931 689 3004 (adversus
713 2931 903 3006 Paterenos)
927 2934 959 2988 ><
985 2935 1081 3012 »quia
1104 2935 1212 2990 omnis
1235 2931 1398 2991 hereticus
1432 2936 1484 2990 est
1520 2935 1730 2992 scismaticus
1769 2937 1802 2992 et

396 3033 461 3077 non
485 3034 675 3080 econverso.
701 3018 742 3079 Et
764 3023 811 3078 sie
835 3025 887 3078 est
908 3018 993 3079 finis.
1019 3017 1158 3096 Explicit
1181 3015 1320 3081 Summa
1343 3018 1590 3078 hereticorum«
1629 3016 1690 3080 Ed.
1714 3017 1798 3078 blar-

396 3099 531 3251 tgnefflelt
561 3103 706 3172 Durand.
737 3103 837 3166 Thes
871 3123 944 3166 nov.
977 3104 1015 3178 V,
1050 3103 1132 3165 1703
1164 3121 1212 3183 sq.
1246 3103 1295 3165 Ci.
1327 3103 1438 3182 Haupt
1469 3109 1500 3165 in
1525 3103 1635 3165 Ztsch.
1672 3104 1692 3166 i.
1728 3103 1797 3166 KG.

501 3295 520 3356 1,
550 3292 749 3357 1871--190ι
774 3301 877 3368 (manu
899 3299 973 3369 alia)
994 3294 1109 3356 Variae
1134 3299 1230 3356 notae
1253 3293 1294 3354 de
1311 3300 1454 3372 peccatis
1470 3301 1630 3356 eteorum
1647 3295 1801 3357 distincti-

397 3397 461 3442 one
483 3399 559 3442 cum
583 3385 705 3462 aliquot
727 3384 848 3460 glossis
873 3382 1055 3442 bohemicis
1080 3382 1348 3442 interlinearibus

501 3507 646 3578 Operculo
669 3510 809 3579 superiori
833 3511 1011 3564 intrinsecus
1035 3508 1250 3578 adglutinatum
1273 3513 1317 3561 est
1340 3506 1443 3561 lolium
1466 3508 1569 3575 chart„
1606 3507 1637 3562 in
1661 3523 1720 3578 quo
1744 3522 1798 3562 no·

397 3598 473 3648 tatae
496 3601 566 3649 sunt
592 3592 779 3650 »Novitates
803 3594 946 3651 nuncin
969 3591 1183 3650 constancia«
1209 3592 1298 3666 (ann.
1325 3591 1406 3648 1411
1432 3596 1463 3647 et
1489 3593 1584 3664 1418)
1616 3601 1643 3649 et
1679 3591 1796 3664 ›Sigis-

396 3681 508 3734 mundi
530 3681 615 3752 regis
633 3681 853 3752 juramentum
876 3679 1016 3736 Martino
1039 3679 1067 3734 V
1089 3694 1190 3752 papae
1214 3679 1265 3739 25.
1285 3679 1353 3750 jnn.
1374 3677 1456 3735 1418
1473 3681 1693 3749 praestitum«
1719 3679 1799 3752 Qua-

397 3783 462 3822 rum
485 3768 658 3837 novitatum‚
682 3784 757 3840 quae
780 3769 875 3825 codici
899 3767 957 3822 iam
979 3768 1070 3838 ligato
1093 3770 1220 3823 insertae
1257 3773 1335 3834 sunt,
1364 3768 1508 3822 habentes
1540 3773 1682 3823 rationem
1705 3774 1733 3822 et
1754 3782 1798 3822 re·

398 3861 534 3925 putantes
558 3856 713 3926 epistolam
737 3855 877 3927 anonymi
901 3871 990 3926 supra
1020 3855 1194 3910 recensitam
1227 3860 1293 3910 ante
1328 3870 1355 3914 a.
1390 3854 1470 3910 1415
1506 3870 1565 3909 000
1600 3855 1797 3926 conscriptam

398 3956 464 3996 esse
487 3958 582 3997 annos
606 3944 718 3998 exarati
741 3943 853 3998 codicis
883 3939 1090 3996 1415-1417
1116 3941 1283 4001 statuimus.
1311 3940 1413 4011 Liplto
1437 3942 1593 4010 plebanus
1615 3941 1649 3996 in
1674 3939 1800 3996 Gisteb-

398 4029 478 4098 nica,
502 4031 551 4099 qui
574 4030 605 4084 in
628 4031 730 4084 eodem
753 4030 824 4084 10110
848 4028 1031 4099 adglutinato
1061 4030 1157 4084 scriba
1190 4029 1302 4083 codicis
1325 4028 1499 4096 declaratur,
1531 4035 1576 4083 est
1613 4027 1802 4100 hippolytus,

399 4117 449 4186 qui
473 4133 501 4174 a.
530 4116 610 4171 1399
635 4123 730 4172 rector
751 4117 893 4172 ecclesiae
917 4115 1140 4170 Jistebnicensis
1163 4117 1256 4170 evasit
1278 4114 1431 4185 (Confirm.
1456 4113 1507 4184 vi,
1535 4115 1597 4184 10).
1620 4115 1734 4170 Deinde
1750 4130 1801 4170 co-

399 4204 457 4257 dex
479 4203 658 4258 monasterio
682 4202 883 4259 Borovanensi
908 4203 1021 4271 obtigit.

504 4369 569 4451 291
1014 4370 1041 4445 Ι.
1072 4371 1116 4446 G.
1145 4371 1206 4444 15.

402 4514 508 4574 chart.
532 4529 620 4574 saec.
644 4510 894 4592 xlv-xvff.
918 4511 1109 4574 1320100,
1134 4510 1279 4572 22><15
1299 4528 1361 4571 cm.
1387 4512 1404 4571 1
1430 4529 1473 4571 m.

504 4635 523 4694 i.
553 4634 672 4696 l--tiOa
695 4638 854 4709 (anepigr.)
875 4633 998 4696 Jacobi
1028 4632 1070 4695 de
1104 4633 1292 4694 Lausanna
1314 4632 1531 4695 Moralitates
1548 4633 1669 4694 ordine
1685 4632 1803 4709 alpha·

401 4722 515 4783 betico
538 4721 738 4799 dispositae.
767 4723 891 4782 »Abicit
915 4720 1060 4781 mundus
1084 4737 1263 4800 pauperes«
1299 4721 1331 4777 ><
1365 4725 1460 4800 »quia
1492 4737 1618 4798 pennas
1649 4723 1802 4780 virtutum

401 4826 467 4870 non
491 4809 620 4870 habent.
646 4809 830 4887 Explieiunt
854 4809 1052 4869 moralitates
1077 4825 1134 4886 per
1157 4824 1277 4868 manus
1311 4807 1445 4869 Johlini
1477 4805 1561 4869 dicti
1584 4806 1725 4884 Stopfer
1746 4811 1804 4868 viri

401 4897 663 4957 reverendissimi
695 4901 816 4970 (cetera
848 4895 994 4956 radendo
1019 4896 1124 4956 deleta
1148 4899 1247 4966 sunt).

505 5003 525 5062 i.
550 4998 712 5063 eol—62²
737 5000 921 5080 Registrum
946 5003 1055 5077 operis
1079 5000 1316 5079 praecedentis,

1081 5224 1129 5273 128
