4040 5954
1035 562 1117 624 1170

483 771 569 852 1170
976 769 1041 850 VI.
1068 769 1115 845 G.
1140 771 1177 846 5.

376 911 564 974 membran.
586 927 673 973 saec.
698 909 787 973 XIV
806 910 850 972 iu.
866 908 1284 990 ff.258,15·5><12cm.
1308 908 1326 969 1
1351 926 1395 970 m.

375 1030 672 1112 Antiphonarium
704 1049 786 1094 cum
814 1030 1061 1110 responsoriis,
1096 1029 1190 1092 notis
1221 1028 1367 1091 musicis
1401 1029 1613 1092 instructum
1637 1033 1672 1091 et
1694 1028 1777 1090 usui

527 1118 732 1180 monialium
754 1118 798 1197 (s.
823 1117 960 1197 Georgii
983 1118 1020 1178 in
1043 1124 1161 1179 castro
1182 1115 1388 1194 Pragensii)
1412 1117 1623 1194 adaptatum.

486 1226 556 1283 Sine
579 1227 670 1282 dubio
694 1241 709 1281 e
731 1233 859 1284 monast.
883 1226 914 1282 S.
938 1225 1063 1296 Georgii.

483 1376 553 1458 1171
973 1375 1038 1451 VI.
1068 1375 1114 1450 G.
1142 1377 1177 1450 6.

376 1519 565 1580 membran.
588 1534 676 1578 saec.
700 1513 865 1577 XIV-X
869 1513 897 1574 V
902 1515 950 1598 ff.
981 1515 1055 1587 602,
1086 1514 1163 1576 1725
1175 1513 1213 1590 ><
1227 1514 1270 1575 13
1291 1530 1354 1574 cm.
1379 1513 1410 1576 d.
1433 1530 1479 1574 m.
1503 1529 1581 1574 cum
1600 1512 1671 1574 init.
1697 1513 1777 1592 pict.

377 1639 597 1702 Breviarium
612 1639 805 1699 secundum
827 1636 1001 1698 rubricam
1016 1634 1227 1713 Pragensem
1243 1634 1469 1712 compilatum
1485 1633 1585 1712 (olim
1599 1632 1779 1696 Benedicti

378 1727 420 1790 de
441 1725 648 1800 Waldstein,
672 1724 777 1802 episc.
800 1722 1165 1888 Caminenssil?})),p]1entffip¹
1179 1726 1211 1781 et
1225 1725 1257 1782 in
1280 1720 1345 1782 fine
1369 1721 1601 1782 recentioribus
1624 1721 1778 1781 manibus

481 1918 515 1974 In
538 1919 708 1972 membrana
737 1916 897 1988 praeligata
919 1917 974 1970 hae
998 1922 1084 1972 notae
1114 1919 1288 1970 occurrunt:
1319 1912 1341 1968 l.
1368 1912 1441 1968 »Hic
1463 1914 1536 1969 liber
1558 1919 1603 1970 est
1624 1913 1703 1984 Mag.
1727 1911 1780 1969 Ni-

378 2007 465 2074 colai,
489 2005 559 2061 olim
581 2004 658 2074 regie
681 2003 854 2058 cancellarie
877 2003 1098 2074 prothonotarii,
1122 2001 1312 2056 hereditarius
1335 2015 1394 2056 rev.
1411 2001 1441 2056 in
1457 1999 1525 2056 Chr.
1541 2002 1632 2072 patris
1655 2007 1684 2055 et
1697 2003 1778 2059 dom.

379 2092 530 2148 Benedicti
560 2092 678 2146 baronis
701 2093 735 2145 de
759 2094 848 2146 domo
872 2089 1058 2159 Walsstayn,
1089 2087 1220 2159 episcopi
1250 2083 1493 2158 (Caminensisls
1520 2086 1555 2142 Il.
1582 2086 1662 2158 »Ego
1685 2085 1780 2142 Bene-

380 2181 476 2235 dictus
500 2181 657 2248 episcopus
688 2177 811 2232 ecclesie
845 2175 1030 2231 Caminensis
1061 2175 1140 2230 hunc
1162 2173 1268 2229 librum
1291 2189 1357 2228 ven.
1381 2174 1559 2229 monasterio
1582 2173 1780 2229 Traebooensi

379 2269 459 2322 dono
483 2264 548 2320 dedi
580 2279 668 2318 usum
698 2265 761 2318 eius
792 2265 829 2318 ad
859 2267 948 2317 vitam
978 2262 1124 2333 propriam
1154 2275 1315 2317 reservans,
1340 2258 1432 2314 Manu
1461 2261 1578 2331 propria
1601 2276 1670 2316 ann.
1698 2260 1778 2316 1493

380 2351 437 2406 XX
460 2352 506 2406 die
530 2350 609 2404 Iunii
614 2373 738 2408 .....
763 2348 806 2403 Cf.
830 2347 947 2404 Balbini
961 2348 1036 2405 Boh.
1060 2350 1088 2403 d.
1111 2346 1160 2416 III,
1188 2347 1258 2402 167.
1290 2346 1348 2402 Sed
1379 2346 1465 2402 nobis
1497 2348 1591 2402 codex
1614 2362 1630 2400 e
1653 2347 1779 2418 collegio

380 2438 410 2494 S.
435 2437 460 2493 J.
485 2436 699 2493 Crumloviensi
723 2436 837 2507 obtigit.

487 2587 572 2667 1172
993 2585 1057 2660 VI.
1088 2584 1133 2659 G.
1163 2585 1197 2659 7.

380 2727 569 2790 membran.
593 2742 680 2788 saec.
703 2723 774 2786 XV
780 2725 826 2807 ff.
850 2725 1215 2802 66‚16·5><12·5cm.
1238 2725 1256 2785 1
1282 2743 1327 2785 m.

381 2849 517 2911 Rituale
539 2852 711 2909 continens
734 2851 938 2907 ceremonias
969 2846 1132 2924 baptismi,
1155 2845 1328 2915 funeraleS,
1353 2845 1608 2915 benedictiones,
1632 2844 1781 2905 ordinem

675 2935 717 2995 ad
740 2935 940 2994 visitandum
964 2934 1138 2994 infirmum.
1163 2931 1257 2993 Libro
1280 2930 1402 2993 inserta
1423 2937 1475 2991 est

484 3022 505 3084 i.
529 3021 636 3082 9-12
660 3019 840 3098 Sequentia
871 3019 969 3080 »Dies
992 3024 1075 3080 irae«
1111 3035 1187 3080 cum
1219 3024 1305 3080 notis
1337 3022 1481 3092 musicis
1505 3021 1539 3077 in
1562 3016 1627 3079 fine
1659 3019 1781 3078 mutila.

487 3127 640 3200 Operculis
664 3128 847 3198 adglutinata
869 3133 939 3182 sunt
961 3127 1122 3197 fragmenta
1144 3127 1264 3182 membr.
1288 3127 1353 3182 libri
1374 3125 1529 3182 cuiusdam
1551 3124 1677 3194 liturgici
1700 3140 1782 3186 saec.

381 3215 458 3288 XIII,
490 3215 552 3271 init.
574 3215 618 3271 lit.
641 3214 727 3286 pictis
751 3220 779 3269 et
802 3214 948 3270 deauratis
978 3215 1120 3270 exornati.
1144 3211 1178 3267 ln
1200 3213 1291 3268 fronte
1315 3212 1333 3268 i.
1362 3216 1411 3268 1⁸:
1444 3211 1599 3282 »catalogo
1622 3211 1782 3284 inscriptus

382 3302 496 3358 Domus
518 3299 669 3357 Professae
697 3301 808 3357 1733..

488 3450 575 3532 1173
1003 3448 1062 3525 VI.
1094 3449 1138 3524 G.
1165 3449 1201 3523 8.

383 3591 573 3655 membran.
596 3608 684 3654 saec.
707 3589 765 3653 XI
768 3590 796 3651 V
801 3590 849 3672 ff.
874 3590 949 3665 205,
972 3589 1015 3651 18
1023 3591 1111 3652 ><13
1125 3607 1188 3650 cm.
1213 3590 1244 3650 d.
1268 3607 1313 3651 m.

715 3713 903 3774 Sermones
927 3713 969 3773 de
992 3711 1125 3773 sanctis
1149 3714 1312 3784 (carentes
1336 3713 1448 3784 initio).

488 3837 634 3910 Operculo
657 3838 738 3894 infer.
763 3838 892 3907 adligata
914 3844 984 3892 sunt
1008 3837 1024 3891 3
1050 3836 1120 3891 folia
1143 3837 1307 3904 chartacea,
1331 3835 1361 3890 in
1385 3851 1507 3906 quorum
1538 3837 1631 3906 primo
1662 3849 1784 3889 enume-

383 3932 486 3982 rantur
507 3925 679 3997 prohibendi
704 3940 722 3979 a
745 3924 950 3980 communione
975 3939 1063 3978 manu
1088 3939 1165 3980 saec.
1190 3921 1254 3978 XV.

491 4091 578 4173 1174
999 4091 1062 4166 VI.
1093 4091 1138 4166 G.
1167 4092 1202 4165 9.

384 4234 494 4296 chart.
516 4251 604 4295 saec.
627 4232 666 4294 X
671 4231 824 4294 V—XVI
829 4233 876 4315 ff.
900 4232 974 4308 485,
997 4233 1169 4294 15·5><11
1184 4249 1246 4293 cm.
1270 4234 1288 4293 1
1313 4250 1358 4293 m.

732 4353 949 4416 Breviarium
972 4352 1201 4431 praecedente
1224 4352 1430 4414 calendario.

489 4461 522 4517 In
537 4462 630 4517 fronte
645 4461 693 4518 fol.
716 4463 747 4516 1¹
765 4468 939 4518 annotatum
963 4469 1023 4517 erat
1045 4462 1266 4530 monasterium,
1291 4463 1375 4516 cuius
1392 4459 1528 4530 catalogo
1545 4459 1639 4514 codex
1654 4475 1682 4514 a.
1703 4459 1783 4515 1605

385 4556 450 4605 erat
472 4549 640 4620 inscriptus,
665 4550 718 4604 sed
740 4549 891 4620 inscriptio
915 4550 988 4604 haec
1010 4549 1139 4604 radendo
1163 4548 1259 4603 deleta
1282 4554 1334 4604 est.

493 4716 579 4798 1175
971 4714 1030 4791 VI.
1066 4715 1109 4791 G.
1140 4715 1227 4792 IOa.

385 4841 575 4904 membran.
598 4859 684 4902 saec.
707 4837 896 4903 XIII-XI
900 4837 927 4900 V
932 4839 979 4921 ff.
1005 4838 1077 4916 194,
1101 4839 1351 4902 16><12·5cm.
1376 4839 1394 4900 l
1418 4855 1463 4900 m.

385 4959 683 5038 Antiphonarium
705 4978 785 5023 cum
808 4959 1057 5039 responsoriis,
1091 4959 1185 5020 notis
1209 4957 1354 5020 musicis
1377 4957 1590 5020 instructum
1616 4962 1651 5020 et
1674 4956 1786 5020 moni-

567 5047 680 5110 alibus
703 5047 886 5111 cuiusdam
910 5045 1117 5109 monasterii
1139 5045 1176 5108 in
1198 5045 1369 5108 Bohemia
1391 5045 1603 5124 adaptatum.

1062 5271 1114 5321 470
