4088 5956
1024 521 1103 582 1497

468 725 488 786 l.
513 723 595 786 2441‘
617 725 743 787 Versus
767 731 896 805 satyrici
921 729 961 788 de
985 728 1130 807 quodam
1154 726 1308 790 Conrado
1333 735 1491 790 emortuo

465 815 614 882 codicem,
638 817 688 887 qui
712 817 780 871 olim
804 823 865 872 erat
888 819 1004 888 collegii
1028 817 1162 874 Nationis
1185 819 1381 874 Bohemorum
1405 820 1460 874 sub
1476 822 1551 891 sign.
1572 819 1606 892 Q,
1624 817 1663 876 43
1686 820 1763 892 (Cat.

360 901 484 961 Rudnic.
508 919 537 974 p.
566 903 648 974 173),
672 918 783 960 recens.
808 903 936 973 Schulte,
961 907 1074 961 Canon.
1098 904 1249 960 Handsch.
1272 922 1301 976 p.
1332 905 1378 960 39.

464 1068 560 1151 1497
806 1031 907 1148 Vrrr.
936 1073 985 1148 n.
1013 1074 1048 1147 2.
1078 1089 1122 1153 a.
1140 1090 1177 1140 11.
1197 1089 1221 1143 i.
1240 1105 1265 1140 η.
1279 1092 1317 1154 a.)

364 1210 472 1272 chart.
495 1226 584 1272 saec.
605 1209 662 1271 XI
668 1206 802 1272 V-XV
816 1212 856 1293 ff.
880 1212 954 1287 170,
977 1213 1057 1275 2925
1068 1215 1106 1292 ><
1119 1212 1162 1275 22
1175 1231 1237 1276 cm.
1262 1215 1292 1274 d.
1316 1231 1361 1275 m.

470 1331 491 1392 1.
519 1328 656 1392 11-391)
690 1332 880 1394 Sermones
915 1335 957 1394 de
991 1341 1149 1412 tempore
1184 1343 1333 1396 carentes
1363 1340 1452 1397 initio
1487 1338 1589 1410 (dom.
1626 1336 1651 1397 Il
1688 1345 1767 1415 post

363 1422 473 1492 trinit.)
500 1419 691 1480 »consilium
715 1435 836 1494 meum,
868 1422 957 1498 quod
981 1422 1057 1481 dedi
1080 1423 1194 1482 vobis«
1221 1423 1253 1479 ><
1276 1423 1379 1496 (dom.
1403 1427 1512 1498 trinit.)
1549 1424 1641 1484 »ideo
1665 1441 1766 1486 evan-

359 1506 480 1584 gelium
504 1507 604 1565 homo
629 1505 761 1583 quidam
787 1511 867 1566 etc.‹

469 1591 489 1651 1.
513 1590 700 1652 400-122a
732 1591 777 1653 M.
811 1592 979 1655 Matthaei
1013 1594 1055 1656 de
1090 1593 1261 1656 Cracovia
1304 1594 1492 1656 Sermones
1537 1596 1579 1657 de
1623 1597 1764 1658 sanctis,

364 1679 567 1739 »Ambulans
590 1677 691 1740 Iesus
715 1682 806 1740 iuxta
829 1696 918 1740 mare
942 1679 1082 1741 Galilee«
1112 1679 1139 1744 ><
1169 1687 1224 1742 »ut
1245 1686 1462 1760 penitenciam
1486 1689 1635 1761 quereret
1651 1701 1765 1762 pecca-

361 1770 500 1827 torum«.
525 1765 610 1838 (Alia
633 1782 734 1825 manu
745 1767 766 1839 :)
794 1765 943 1828 »Pustilla
966 1765 1049 1844 Mgri
1071 1766 1193 1828 Mathei
1205 1768 1246 1828 de
1258 1766 1438 1844 Cracowia,
1452 1770 1580 1847 plebani
1594 1771 1763 1848 quondam

360 1855 392 1911 in
417 1850 496 1911 Leia
519 1849 618 1912 Curia
641 1851 774 1928 Frage«

469 1939 489 1999 1.
519 1934 720 1998 1232—170b
744 1937 939 2015 (Iohannes
973 1937 1081 2000 Kortz
1110 1937 1239 2021 dictus)
1273 1940 1502 2004 »Contractus
1534 1943 1576 2004 de
1611 1942 1762 2004 sanctis«

361 2023 591 2102 (Sermones).
619 2021 674 2085 ›Sr
689 2041 815 2085 moram
832 2025 952 2100 iecerit,
975 2032 1150 2104 exspecta«
1177 2028 1209 2084 ><
1233 2025 1444 2106 (subscriptio
1468 2046 1589 2108 magna
1611 2046 1653 2090 ex
1677 2035 1766 2107 parte

360 2111 484 2182 evulsa,
509 2115 618 2171 tamen
642 2111 773 2189 legitur:
798 2109 994 2173 Contractus
1018 2130 1076 2191 per
1097 2130 1216 2174 manus
1239 2113 1343 2174 Welis
1368 2166 1374 2175 .
1400 2162 1407 2175 .
1432 2117 1453 2187 .)

468 2199 621 2271 Operculis
652 2201 813 2271 adligatum
845 2207 889 2256 est
919 2202 1111 2272 fragmentum
1142 2203 1328 2261 instrumenti
1351 2205 1432 2275 publ.
1456 2211 1550 2262 notar.
1574 2205 1678 2262 Crucis
1702 2210 1763 2260 nati

361 2287 514 2358 quondam
538 2286 688 2342 Benedicti
711 2287 795 2343 Hoch
819 2289 854 2342 de
877 2287 1008 2343 Miliczin
1030 2292 1269 2360 recognoscentis
1292 2289 1503 2346 Wenceslaum
1518 2291 1621 2348 Jacobi
1645 2294 1681 2347 de
1706 2292 1768 2348 Ho-

364 2373 491 2430 rzowicz
507 2376 710 2445 presbyterum
725 2375 888 2430 instituisse
911 2391 1019 2430 causae
1043 2392 1114 2431 suae
1137 2383 1340 2446 procuratores
1364 2393 1390 2435 a.
1419 2378 1510 2435 1405.
1533 2377 1566 2433 In
1589 2379 1716 2436 frontet.
1738 2379 1768 2434 1·

363 2474 453 2514 manu
478 2475 557 2516 saec.
580 2457 663 2515 XVII
686 2461 772 2516 etiam
796 2460 952 2517 Sermones
976 2463 1011 2516 de
1035 2470 1162 2533 tempore
1186 2463 1382 2519 attribuuntur
1397 2463 1546 2520 Matthaeo
1564 2463 1765 2522 cracoviensi.

366 2545 445 2602 Nota
469 2552 499 2601 ln
522 2548 660 2617 operculo
683 2549 847 2617 superiore:
876 2547 934 2604 »De
957 2548 1137 2606 Bethleem«.

467 2712 565 2795 1498
822 2715 925 2792 VIII.
952 2718 1000 2791 D.
1028 2717 1063 2791 3.
1092 2733 1136 2798 (r.
1150 2733 1186 2785 ιι.
1202 2735 1224 2784 1.
1238 2750 1264 2784 n.
1281 2735 1319 2796 a.)

364 2855 472 2918 chart.
494 2871 583 2916 saec.
605 2854 674 2916 XV
688 2854 728 2936 ff
751 2854 817 2919 286
837 2873 943 2931 num,
965 2857 1005 2919 31
1020 2858 1109 2919 ><22
1131 2875 1194 2919 cm.
1218 2859 1236 2919 1
1261 2876 1305 2918 m.

360 2975 472 3039 Biblia
495 2993 598 3038 sacra
620 2977 837 3039 continentia
869 2976 1084 3040 Testamenti
1114 2978 1253 3041 Veteris
1283 2979 1391 3040 libros
1415 2979 1652 3058 sapientiales,
1675 2979 1769 3044 Novi

471 3151 504 3207 In
528 3153 621 3207 fronte
646 3152 665 3211 1.
694 3154 745 3209 17·
767 3159 941 3209 annotatum
964 3082 1121 3210 engIIIUII
1152 3155 1316 3212 Iohannem
1351 3157 1386 3210 de
1420 3156 1582 3226 Rokycano
1613 3174 1641 3213 a.
1676 3158 1766 3226 1459,

362 3255 429 3294 cum
455 3244 533 3293 esset
555 3244 649 3294 rector
671 3239 881 3310 universitatis,
904 3242 1013 3298 librum
1038 3243 1199 3312 sapientiae
1215 3244 1411 3314 praedicando
1428 3245 1613 3313 exposuisse.
1637 3241 1714 3299 Nota
1737 3243 1766 3298 in

363 3325 502 3397 operculo
540 3331 704 3395 superiore:
747 3325 850 3382 »Liber
894 3330 1059 3385 nacionis«.
1106 3327 1198 3384 Vetus
1243 3330 1319 3400 sign.
1365 3330 1550 3385 concordans
1596 3347 1663 3385 cum
1709 3346 1766 3402 reg.

361 3411 485 3470 Rudnic.
508 3412 545 3481 A,
570 3413 598 3468 3.

465 3579 560 3661 1499
831 3580 933 3657 VIII.
961 3583 1009 3658 D.
1037 3585 1073 3658 4.
1103 3601 1147 3661 (Υ.
1165 3603 1200 3653 11.
1220 3603 1243 3653 2.
1263 3621 1289 3654 n.
1304 3606 1358 3666 41.)

367 3721 476 3782 chart.
501 3740 533 3782 a.
557 3721 644 3784 1409
656 3719 707 3800 ss.
730 3721 784 3797 99,
804 3723 846 3784 31
862 3721 947 3784 ><21
971 3741 1034 3784 cm.
1058 3724 1075 3785 1
1101 3743 1146 3785 m.

877 3842 1063 3922 Expositio
1085 3844 1257 3910 Psalterii.

472 3929 492 3990 1.
521 3930 555 3989 11
589 3929 729 3990 »Beatus
763 3933 812 3990 vir
845 3935 905 3990 etc.
937 3929 1020 3992 Cum
1053 3950 1170 3994 omnes
1202 3936 1379 4013 prophetas
1410 3944 1559 3998 constet«
1594 3937 1633 4016 ><
1658 3936 1679 3997 1.
1712 3935 1772 3997 99²¹

369 4020 497 4076 »omnis
529 4020 661 4093 spiritus
697 4018 820 4078 scilicet
852 4020 1022 4096 angelicus
1052 4020 1162 4080 laudet
1185 4022 1366 4086 dominum.
1391 4025 1506 4086 Amen.
1531 4025 1668 4085 Alleluia
1695 4068 1702 4083 .
1732 4074 1736 4084 .
1763 4073 1769 4084 .

364 4101 543 4180 Exposicio
568 4107 677 4164 textus
701 4104 841 4181 psalterii
873 4105 1082 4166 solummodo
1113 4111 1144 4168 in
1169 4109 1229 4168 illis
1253 4112 1470 4171 amminiculis
1494 4118 1682 4172 sanctorum
1713 4110 1770 4170 do-

363 4194 490 4250 ctorum
514 4195 746 4250 consummata
758 4195 789 4250 in
815 4191 866 4251 die
891 4189 1042 4252 Damiani
1065 4192 1121 4254 ler.
1146 4193 1197 4255 Vl.
1214 4202 1290 4256 ante
1307 4196 1426 4258 festum
1445 4215 1472 4259 s
1488 4197 1679 4259 Wenceslai
1707 4197 1770 4257 sub

361 4293 390 4337 a.
418 4274 502 4337 1409
527 4327 532 4336 .
560 4326 564 4334 .
592 4321 597 4334 .
622 4280 655 4336 in
678 4275 865 4356 Knyhnyez
889 4295 946 4356 per
968 4282 1104 4352 (nomen
1129 4282 1243 4341 librarii
1268 4285 1371 4344 cultro
1395 4289 1544 4345 excisum
1562 4289 1636 4358 est).
1663 4283 1705 4344 Et
1722 4288 1767 4344 sic

359 4369 412 4424 est
435 4363 521 4424 finis,
546 4361 617 4424 Deo
641 4367 777 4441 gracias.
801 4363 874 4425 Tak
899 4364 988 4426 buoh
1012 4367 1077 4445 day
1100 4385 1120 4427 a
1144 4370 1310 4448 pomahay
1334 4388 1390 4449 my
1413 4372 1504 4450 myly
1527 4373 1646 4432 buch«

468 4533 565 4616 151111
842 4535 943 4612 VIII.
970 4537 1018 4612 D.
1046 4539 1082 4612 5.
1110 4554 1213 4620 (1:11.
1233 4557 1377 4622 2.n.33.)

368 4675 474 4736 chart.
498 4694 584 4738 saec.
608 4674 678 4739 XV
691 4677 733 4758 ff.
756 4679 807 4754 65,
830 4679 1034 4741 sowi-5
1046 4696 1108 4742 cm.
1132 4680 1149 4741 1
1176 4699 1220 4743 m.

361 4795 513 4859 Thomae
538 4800 579 4859 de
602 4798 741 4876 Aquino
776 4798 1058 4862 Commentarius
1092 4801 1128 4862 in
1163 4803 1299 4866 Boethii
1329 4805 1437 4866 libros
1461 4805 1503 4866 de
1527 4805 1768 4870 consolatione

362 4883 607 4963 philosophiae
631 4903 705 4947 cum
730 4887 940 4965 praeambulo
952 4890 1124 4950 cuiusdam
1143 4897 1286 4970 magistri
1299 4893 1509 4970 (Pragensis)‚
1524 4897 1579 4971 qui
1591 4913 1620 4955 a.
1638 4892 1720 4954 1455
1729 4891 1767 4970 (i)

362 4971 462 5032 libros
486 4971 612 5033 Boethii
639 4973 700 5033 »ad
724 4975 988 5035 consolacionem
1014 4993 1193 5054 pauperum
1219 4980 1434 5040 scholarium«
1461 4980 1569 5057 legere
1594 4985 1722 5058 incepit.

1036 5201 1087 5250 552
