3996 5954
955 499 1036 560 1065

400 716 486 800 1061
895 705 959 782 VI.
988 704 1026 780 C.
1053 703 1089 778 3.

291 860 398 922 chari.
419 873 507 919 saec.
530 850 638 917 XVII
643 851 690 934 ff.
717 850 759 914 74
782 865 887 919 auara,
909 845 1053 909 33><23
1075 859 1139 905 cm.
1164 843 1181 904 1
1206 858 1252 902 m.

294 977 431 1041 »Notata
454 975 666 1039 Comeliana‹
698 973 751 1052 (z
764 969 939 1048 Excerpta
962 983 1007 1030 ex
1029 961 1180 1026 diversis
1206 960 1305 1024 libris
1327 957 1535 1038 theologicis
1558 962 1593 1020 et
1614 974 1695 1036 pro-

291 1065 383 1130 ianis
406 1063 553 1128 collecta
576 1062 619 1124 ab
641 1058 797 1123 Antonio
819 1055 1007 1119 Adaiberto
1030 1049 1168 1124 Comei,
1191 1049 1265 1111 ord.
1281 1047 1313 1110 S.
1332 1044 1518 1120 Benedicti,
1541 1045 1694 1124 parocho

291 1149 548 1224 Lulrawicensi‚
573 1152 626 1228 qui
651 1151 748 1208 etiam
771 1143 1021 1206 Testamentum
1054 1153 1151 1200 suum
1186 1135 1350 1214 originale,
1388 1137 1610 1212 conscriptum
1645 1130 1692 1192 17.

744 1232 813 1294 dec.
843 1228 934 1301 1693,
958 1227 1062 1289 codici
1086 1227 1244 1296 inseruit).

399 1407 497 1492 1062
897 1399 960 1476 VI.
991 1397 1025 1474 C.
1052 1396 1090 1471 4.

292 1549 479 1614 membran.
503 1564 590 1612 saec.
615 1543 703 1610 XIV
722 1545 766 1608 in.
781 1541 830 1624 ss.
853 1542 907 1618 80,
928 1537 1079 1618 34)(24
1100 1555 1163 1601 cm.
1187 1538 1204 1599 1
1231 1552 1275 1596 m.

469 1666 763 1748 Antiphonarium
787 1663 880 1727 notis
903 1659 1048 1724 musicis
1071 1675 1133 1738 per
1153 1662 1268 1721 totum
1292 1655 1513 1717 instructum.

399 1841 498 1924 1063
901 1835 965 1910 VI.
996 1832 1031 1909 C.
1057 1833 1094 1908 5.

292 1983 401 2046 chari.
424 2001 457 2044 a.
481 1981 568 2044 1746
580 1977 629 2060 ff.
654 1980 684 2053 7,
707 1975 968 2042 33x22cm.1
994 1993 1040 2036 m.

291 2105 568 2167 Instrumentum
590 2100 720 2180 publici
743 2098 870 2164 notarii
893 2113 1001 2176 super
1031 2092 1270 2158 benedictione
1300 2097 1335 2152 et
1364 2087 1571 2151 infulatione
1605 2085 1691 2149 Tho-

291 2208 368 2256 mae
392 2189 492 2253 Girth
516 2189 553 2252 in
575 2189 738 2252 abbatem
752 2184 923 2250 canoniae
941 2180 1191 2256 Carloviensis‚
1214 2181 1355 2258 peracta
1369 2175 1531 2238 Wolinae
1545 2172 1599 2237 26.
1622 2173 1692 2236 ian.

293 2276 376 2341 1745
399 2313 441 2322 -
464 2275 640 2357 copiatum
663 2279 699 2338 et
730 2291 811 2339 cum
844 2269 1004 2350 originali
1037 2267 1203 2333 collatum
1236 2282 1266 2327 a.
1304 2260 1397 2325 1746.
1442 2263 1581 2336 (Inserta
1615 2267 1692 2322 sunt

290 2370 505 2428 instrumenta
527 2365 770 2437 nominationis,
793 2362 1012 2428 investiturae,
1037 2355 1257 2434 deputationis
1281 2367 1341 2411 seu
1365 2349 1587 2428 delegationis,
1607 2351 1695 2408 iura-

932 2446 1056 2516 menti.)

395 2559 495 2616 Codex
519 2559 566 2614 bic
589 2558 652 2613 sine
676 2557 768 2613 dubio
791 2571 806 2610 e
830 2551 957 2610 canonia
980 2550 1096 2606 Carlov.
1121 2548 1261 2620 provenit.

396 2741 496 2826 1064
915 2737 979 2814 VI.
1008 2737 1047 2812 C.
1075 2737 1111 2810 6.

290 2883 398 2947 ciart.
422 2903 456 2946 a.
478 2882 623 2966 1771ff.
646 2881 720 2956 245,
743 2879 882 2944 33><21
907 2895 969 2940 aa.
993 2877 1010 2938 r
1036 2894 1081 2938 m.

292 3004 450 3085 »Triplex
465 2999 634 3068 Cbechico
648 3003 805 3066 1111111110
819 3001 976 3080 Pragena
991 2997 1094 3060 Laus.
1119 2996 1222 3074 Praga
1237 2993 1440 3075 Quadriurbs
1456 2990 1689 3054 Hradczanum

290 3092 458 3170 Metropoli
481 3093 696 3153 adnumerata
718 3091 782 3152 hoc
806 3088 918 3150 seculo
941 3085 1039 3148 XVlll
1065 3085 1128 3146 sub
1143 3081 1246 3144 Maria
1260 3079 1395 3142 Teresia
1415 3127 1422 3142 .
1441 3125 1449 3142 .
1468 3127 1476 3142 .
1494 3094 1537 3140 ex
1553 3077 1690 3138 diversis

290 3183 483 3258 scriptorum
507 3180 649 3240 historiis
673 3182 851 3256 excerpta.
873 3175 1113 3250 ..conscripta
1134 3187 1155 3230 a
1175 3167 1215 3231 T.
1239 3168 1267 3230 J.
1291 3167 1329 3230 K.
1354 3165 1390 3230 C.
1416 3165 1452 3228 R.
1476 3164 1510 3226 L.
1542 3162 1691 3248 (Thoana

286 3266 423 3329 Joanne
446 3263 561 3328 Kraus
585 3263 753 3327 canonico
776 3259 927 3341 regulari
948 3259 1122 3334 Lateran.)
1143 3273 1174 3318 a.
1197 3255 1228 3316 d.
1255 3253 1368 3317 tiit«
1396 3253 1452 3333 (z
1464 3250 1622 3316 Historia
1637 3266 1691 3312 ec-

288 3352 475 3416 clesiarum
509 3357 544 3414 et
585 3349 879 3413 monasteriorum
911 3344 1140 3426 Pragensium
1173 3342 1383 3405 solummodo
1424 3339 1689 3402 memorabilibus

289 3457 376 3501 saec.
400 3436 500 3500 XVlll
522 3435 684 3517 insignis).

391 3545 495 3602 Textui
519 3545 631 3618 passim
654 3545 847 3616 inglutinatae
870 3548 939 3598 sunt
962 3541 1059 3598 variae
1082 3542 1225 3610 imagines
1248 3539 1308 3596 aeri
1325 3539 1446 3605 incisae,
1470 3536 1552 3594 libris
1568 3539 1690 3610 impres-

288 3636 329 3690 sis
356 3637 518 3690 desumtae.

395 3799 494 3883 1066
919 3795 980 3874 VI.
1010 3797 1047 3874 C.
1077 3798 1110 3874 7.

288 3940 476 4005 membran.
500 3957 588 4002 saec.
604 3938 692 4002 XIV
702 3937 752 4018 ff.
768 3941 828 4003 131
854 3957 943 4000 utrm.
971 3937 1071 4017 (recle
1091 3939 1178 4018 130),
1201 3938 1344 4002 32><23
1360 3957 1422 4001 cm.
1449 3940 1468 4003 1
1493 3958 1536 4004 m.

286 4063 460 4127 Johannis
483 4061 631 4126 Diaconi
654 4063 697 4124 de
721 4061 953 4138 institutione,
976 4060 1059 4136 vita,
1082 4059 1241 4123 doctrina
1263 4059 1339 4124 sive
1363 4061 1540 4125 miraculis
1556 4064 1588 4125 b.
1604 4061 1688 4126 Gre-

672 4149 761 4228 gorii
784 4147 931 4210 Romani
953 4143 1129 4226 pontilicis
1152 4147 1230 4209 libri
1252 4146 1308 4210 IV.

390 4253 413 4316 1.
436 4253 474 4313 2⁸
499 4254 553 4316 »ln
577 4259 708 4315 nomine
732 4271 759 4315 s
784 4260 816 4315 et
838 4253 904 4316 ind.
927 4257 1021 4314 trinit.
1055 4256 1165 4331 incipit
1199 4254 1354 4332 prologus
1377 4255 1506 4317 diaconi
1528 4255 1688 4318 Johannis

286 4342 328 4401 ad
351 4341 535 4402 iohannem
560 4345 859 4402 reverentissimum
882 4344 959 4414 (sic)
989 4345 1103 4401 sancte
1133 4341 1313 4419 apostolice
1349 4341 1439 4402 sedis
1477 4343 1683 4422 pontificem«

287 4474 348 4490 ...
373 4428 393 4490 1.
418 4429 454 4488 4·
482 4425 679 4505 »Gregorius
701 4444 820 4507 genere
843 4443 1001 4488 romanus
1023 4433 1091 4488 arte
1114 4427 1350 4506 philosophus<
1378 4431 1417 4508 ><
1453 4429 1473 4489 1.
1501 4427 1577 4492 131·
1603 4430 1688 4490 ›sal-

287 4519 342 4576 tim
365 4515 466 4576 verba
489 4530 552 4594 que
575 4515 670 4576 valeo
693 4519 825 4576 minime
849 4514 1034 4592 denegasse
1057 4531 1270 4591 cognoseat«

394 4621 428 4678 In
450 4621 502 4678 lol.
525 4621 629 4678 ultimo
652 4621 782 4692 adligato
805 4637 865 4678 non
888 4637 969 4678 num.
994 4623 1067 4677 haec
1090 4629 1161 4678 nota
1190 4625 1333 4679 occurrit:
1381 4623 1485 4679 »Liber
1518 4627 1688 4680 monasterii

287 4711 392 4764 domus
416 4709 444 4768 1),
467 4707 563 4779 Egidil
587 4709 798 4765 canonicorum
823 4709 998 4779 regularium
1022 4712 1052 4765 in
1075 4707 1239 4780 Witignaw
1261 4711 1336 4766 alias
1359 4711 1389 4766 in
1412 4707 1544 4766 Trbebon
1568 4725 1688 4782 compa-

286 4803 366 4850 ratus
388 4810 440 4866 per
462 4796 577 4852 nobiles
600 4797 738 4851 dominos
761 4798 796 4851 de
820 4795 998 4866 Rosemberg
1030 4796 1141 4868 primos
1175 4796 1269 4868 ipsius
1293 4798 1463 4854 monasterii
1485 4797 1685 4854 fundatores«

286 4881 397 4937 Deinde
420 4883 515 4938 codex
538 4882 591 4939 luit
614 4883 810 4938 bibliothecae
833 4881 1075 4952 Rosenbergicae,
1110 4889 1142 4938 ut
1164 4885 1251 4940 docet
1273 4884 1389 4955 insigne
1412 4884 1463 4941 iol.
1490 4884 1546 4940 131
1585 4885 1688 4955 adglu-

286 4970 420 5037 tinatum,
445 4985 481 5024 ex
504 4986 563 5040 qua
584 4971 738 5026 restitutus
761 4976 806 5025 est
830 4969 1025 5026 bibliothecae
1048 4973 1219 5027 monasterii
1245 4968 1455 5028 l'lebonensis.

961 5189 1012 5240 439
