4046 5972
392 569 452 622 xvi

392 795 524 841 summo
560 793 657 856 opere
688 767 937 854 expetiveratffl)
970 775 1152 850 nuperrime
1186 775 1295 830 autem
1327 768 1378 829 vir
1405 769 1609 829 clarissimus
1632 766 1695 828 Jar.
1718 764 1792 828 Goll

392 886 574 962 impensius
609 872 822 958 exoptavii³¹),
857 883 893 938 ut
915 893 1030 937 omnes
1051 874 1183 935 codices
1217 875 1402 934 accuratius
1436 870 1704 943 describerentur,
1740 887 1792 932 se-

392 987 538 1050 cundum
562 989 717 1046 eventum
748 987 918 1061 propterea
949 983 1156 1059 potissimum
1180 978 1235 1039 diu
1258 994 1325 1038 non
1348 976 1470 1048 habuit,
1502 974 1591 1052 quod
1614 975 1657 1036 ad
1680 975 1792 1036 ultima

391 1107 498 1170 usque
522 1096 670 1168 tempora
692 1086 885 1147 bibliotheca
907 1088 1020 1145 nostra
1043 1081 1229 1144 officialium
1253 1084 1388 1160 penuria
1410 1079 1586 1141 laborabat.
1611 1076 1709 1157 Quod
1731 1081 1793 1138 im-

392 1195 617 1274 pedimentum
641 1207 716 1253 cum
740 1189 872 1251 tandem
895 1187 1088 1249 doctissimo
1112 1185 1202 1248 Rich.
1225 1183 1365 1261 Kukula,
1389 1187 1444 1263 qui
1467 1183 1680 1243 bibliothecae
1703 1199 1792 1244 nunc

392 1303 530 1378 praeest,
562 1298 777 1374 prospiciente
800 1297 833 1353 et
853 1309 882 1356 c.
906 1309 929 1352 r.
954 1293 1132 1352 ministerio
1153 1288 1344 1350 eruditionis
1375 1287 1523 1366 publicae
1554 1289 1723 1364 suppetias
1746 1284 1792 1346 ie·

392 1407 481 1463 rente
504 1407 670 1478 utcunque
693 1402 881 1476 superatum
906 1400 1005 1467 esset,
1035 1394 1111 1454 huic
1134 1409 1255 1471 magno
1278 1398 1311 1453 et
1333 1391 1457 1452 tamdiu
1487 1389 1672 1451 desiderato
1702 1394 1793 1469 operi

392 1507 519 1568 licentia
552 1505 686 1564 obtenta
707 1519 737 1563 a.
764 1499 844 1562 1897
869 1505 972 1560 totum
1007 1514 1059 1558 me
1094 1496 1219 1558 tradidi.
1257 1495 1388 1558 lnnisus
1410 1496 1461 1570 iis,
1496 1510 1580 1574 quae
1610 1493 1668 1554 viri
1693 1510 1793 1572 supra

392 1609 512 1670 laudati
546 1609 825 1685 praeparaverant,
861 1609 893 1664 et
914 1602 1016 1663 fretus
1050 1601 1258 1674 adminiculo,
1293 1598 1381 1677 quod
1411 1599 1509 1660 huius
1540 1601 1584 1658 rei
1607 1601 1793 1676 peritissimi

392 1717 544 1773 auctores
569 1700 871 1789 suppeditabant‚³²)
895 1712 971 1784 post
993 1706 1136 1766 laborem
1160 1709 1286 1782 septem
1312 1718 1474 1764 annorum
1497 1704 1585 1764 hunc
1608 1702 1792 1780 catalogum

392 1815 544 1876 codicum
567 1815 740 1874 latinorum
764 1812 979 1873 bibliothecae
1002 1807 1223 1870 Clementinae
1249 1804 1387 1867 conieci.

497 2328 546 2391 De
570 2335 669 2391 totius
692 2334 800 2408 operis
823 2332 946 2390 ratione
969 2328 1051 2388 haec
1078 2327 1216 2388 breviter
1238 2331 1316 2387 sunt
1338 2325 1591 2404 praemonenda.
1630 2325 1666 2386 ln
1690 2323 1794 2391 fronte

393 2438 652 2513 uniuscuiusque
677 2432 909 2511 descriptionis
932 2431 1063 2510 ponitur
1075 2434 1251 2508 signatura,
1276 2445 1360 2507 quae
1383 2427 1481 2489 hodie
1502 2429 1597 2500 valet,
1621 2445 1720 2507 quam
1745 2445 1794 2492 se·

393 2541 500 2614 quitur
522 2537 651 2597 uncinis
675 2537 802 2597 inclusa
825 2535 996 2614 signatura
1017 2539 1114 2593 vetus
1137 2549 1250 2593 eorum
1275 2533 1436 2604 codicum,
1460 2536 1515 2611 qui
1538 2549 1580 2594 ex
1602 2532 1796 2596 bibliotheca

392 2638 426 2701 S.
450 2638 476 2702 J.
502 2638 710 2701 Clementina
731 2644 763 2699 et
792 2638 866 2699 ideo
898 2641 1074 2698 maximam
1111 2641 1235 2715 partem
1260 2653 1278 2696 e
1302 2639 1445 2714 pristinis
1477 2639 1696 2698 universitatis
1730 2637 1795 2699 col-

392 2746 484 2822 legiis
520 2748 750 2822 provenerunt.
796 2740 1031 2820 Signaturasa
1062 2744 1193 2801 sinistra
1224 2739 1424 2819 praecedunt
1457 2741 1675 2801 crassioribus
1708 2745 1795 2820 typis

501 2912 542 2993 ³⁰)
565 2920 597 2977 L.
622 2935 648 2978 c.
676 2918 753 2976 148:
791 2918 886 2974 »Dass
922 2917 1012 2973 daher
1046 2917 1110 2972 eine
1144 2916 1314 2986 griindliche
1337 2915 1474 2973 Revision
1497 2917 1549 2971 der
1569 2915 1795 2974 Handschrilien

393 3010 452 3064 und
477 3011 541 3063 elne
564 3007 781 3076 berichtigende
803 3005 1015 3075 Umarbeitung
1037 3004 1114 3059 ihres
1129 3003 1272 3073 Katalogs
1296 3003 1465 3080 dringende,
1488 3003 1710 3060 unabweisbare
1727 3001 1797 3062 Not·

392 3095 571 3166 wendigkeit
593 3097 642 3165 ist,
667 3093 738 3149 wird
761 3092 840 3148 wohl
863 3090 1006 3147 Niemand
1030 3094 1060 3147 ia
1083 3089 1200 3145 Zweilel
1222 3090 1353 3146 richen«

500 3189 541 3269 31)
563 3197 747 3252 Athenaeum
774 3195 854 3252 1888
877 3212 906 3266 p.
935 3195 1003 3252 181.

500 3293 540 3376 ³²)
565 3300 691 3371 Magnae
714 3300 832 3355 utilitati
855 3299 925 3354 mihi
949 3299 1066 3354 luerunt
1086 3298 1117 3352 hi
1140 3299 1283 3368 catalogi:
1306 3297 1442 3367 Bandini,
1464 3297 1541 3370 Ang.
1557 3296 1609 3368 M.
1634 3296 1797 3369 Garatogue

393 3391 530 3448 codicum
553 3388 715 3443 latinorum
748 3385 942 3442 bibliothecae
965 3385 1116 3443 Mediceae
1139 3384 1361 3447 Laurentianae.
1397 3384 1481 3443 lom.
1504 3383 1598 3441 l-V.
1631 3383 1796 3442 Florentiae

503 3562 665 3631 catalogus
700 3560 834 3616 codicum
860 3559 1017 3615 latinorum
1045 3557 1240 3615 bibliothecae
1261 3558 1358 3628 regiae
1381 3556 1579 3616 Monacensis.
1613 3556 1696 3616 Tem.
1720 3555 1743 3626 1,
1766 3575 1795 3630 p.

398 3649 497 3716 1-3;
523 3647 557 3716 ti,
582 3664 610 3719 p.
640 3648 730 3705 1-4.
753 3645 905 3702 Monachii
932 3645 1152 3702 1868-1881.

503 3734 627 3806 Czerny,
651 3733 730 3804 Alb„
753 3731 806 3790 Die
830 3732 1058 3789 Handschrilten
1073 3733 1125 3787 der
1139 3730 1388 3788 Srinsbibiiorhek
1403 3730 1445 3788 St.
1461 3729 1587 3788 Florian.
1611 3730 1684 3789 Linz
1704 3731 1795 3789 1871.

502 3819 611 3889 Dudik,
635 3820 684 3878 Dr.
707 3820 753 3887 Β.,
775 3818 832 3875 Iter
853 3819 1026 3876 Romanum.
1050 3817 1071 3874 1.
1095 3835 1125 3876 u.
1148 3817 1184 3877 11.
1207 3817 1259 3877 Th.
1283 3816 1373 3874 Wien
1400 3817 1491 3876 1855.

505 3905 613 3977 Dudik,
636 3907 686 3964 Dr.
710 3905 755 3976 Β.,
777 3906 1002 3963 Handsehrilien
1033 3906 1085 3961 der
1106 3905 1201 3964 irirstl.
1232 3905 1529 3962 Dietrichsteinschen
1560 3903 1728 3963 Bibliotbek
1760 3920 1797 3962 zu

394 3995 587 4065 Nikolsburg.
611 3993 701 4050 Wien
730 3993 820 4051 1888.

503 4080 592 4152 libbi,
622 4080 671 4138 Dr.
696 4080 774 4149 Alb,
809 4079 970 4151 Cetalogus
1005 4080 1140 4134 codicum
1174 4094 1263 4134 manu
1287 4077 1471 4151 scriptorum,
1494 4080 1597 4150 quiin
1621 4077 1798 4136 bibliotheca

394 4170 565 4226 monasterii
588 4172 626 4224 ad
649 4167 756 4223 Scotos
778 4167 974 4223 vindobonae
998 4171 1161 4222 servantur.
1184 4164 1381 4222 vindobonae
1404 4171 1433 4221 et
1453 4165 1569 4237 Lipsiae
1596 4166 1687 4224 1899.

504 4253 603 4324 Meier,
628 4254 713 4325 Gab,
738 4252 898 4325 Catalogus
921 4255 1057 4309 codicum
1080 4268 1170 4308 manu
1194 4252 1377 4325 scriptorum,
1409 4255 1459 4324 qui
1482 4253 1512 4308 in
1535 4252 1714 4309 bibliotheca
1734 4268 1796 4309 mo·

396 4342 515 4399 hasterii
538 4340 716 4397 Einsidlensl
742 4347 906 4398 servantur.
930 4339 1002 4396 'lom
1025 4338 1046 4395 1.
1072 4337 1220 4396 Einsidlae
1244 4346 1273 4395 et
1293 4338 1409 4409 Lipsiae
1437 4339 1528 4397 1899.

505 4428 625 4500 Schum,
649 4427 697 4486 Dr.
723 4427 826 4495 With,
848 4427 1098 4484 Beschreibendes
1114 4421 1321 4484 Verzeichniss
1337 4426 1388 4482 der
1402 4425 1684 4499 Amplonianischen
1698 4424 1798 4483 Hand·

398 4513 731 4587 schrilien-Sammlung
752 4516 782 4571 in
806 4513 910 4572 Erfurt.
934 4512 1031 4568 Berlin
1059 4512 1150 4569 1887.

505 4601 635 4658 Tabulae
666 4603 801 4658 codicum
836 4617 925 4657 manu
960 4602 1134 4671 scriptorum
1156 4601 1187 4655 in
1210 4598 1387 4657 bibliotheca
1420 4599 1551 4672 palatina
1572 4598 1798 4656 vindobonensi

399 4695 629 4749 asservatorum.
652 4688 720 4746 Vol.
749 4689 840 4749 1-8,
862 4687 1058 4743 vindobonae
1085 4687 1306 4744 1864-1893.

505 4774 666 4846 Wisiocki‚
701 4776 750 4835 Dr.
774 4775 887 4844 Wiad.,
923 4774 1084 4845 Caralogus
1119 4775 1255 4832 codicum
1285 4773 1572 4845 manuscriptorum
1603 4773 1798 4829 bibliothecae

395 4862 597 4920 universitatis
621 4861 830 4933 Jagellonicae.
855 4861 1017 4918 Cracoviae
1044 4860 1265 4917 1877-1881.

504 4947 601 5006 Xenia
636 4949 825 5006 Bernardina.
859 4949 929 5005 Pars
952 4947 986 5006 ll.
1022 4945 1495 5006 Handsebasten-Vercelchnlsse.
1535 4950 1546 5004 l
1574 4951 1603 5006 et
1626 4949 1654 5006 2.
1686 4945 1798 5004 Vindo-

396 5039 492 5095 bonae
523 5038 615 5096 1891.
