4046 5972
900 601 953 662 161

327 809 347 870 l.
372 803 451 871 268l
478 807 600 869 »iletre
623 809 838 887 capitulorum
863 815 895 871 et
918 811 1070 870 librorum
1095 809 1190 871 biblie
1225 815 1304 888 quot
1346 817 1450 870 sunt.=
1500 807 1626 870 Versus

220 897 424 956 memoriales
454 911 554 956 manu
584 898 689 954 Crucis
721 901 757 955 de
780 899 866 956 Telcz
889 901 1011 957 exarati
1035 903 1067 957 et
1089 897 1251 974 explicati.
1278 895 1397 958 lbidem
1433 897 1475 956 ad
1499 898 1623 957 calcem

220 989 297 1044 nota
320 999 420 1044 manu
440 998 527 1043 saec.
560 980 620 1042 XV
643 999 695 1046 ex.
721 987 843 1061 scripta
866 984 1014 1044 codicem
1039 987 1226 1044 monasterii
1250 981 1497 1044 Borovanensis
1520 981 1624 1043 luisse

218 1069 431 1142 demonstrat,
456 1069 543 1130 unde
567 1073 598 1130 in
622 1068 852 1131 bibliothecam
877 1068 1151 1148 Rosenbergicam
1176 1074 1330 1148 pervenit,
1355 1086 1396 1130 ex
1420 1085 1487 1147 qua
1510 1074 1625 1148 postea

219 1163 359 1217 monast.
385 1154 530 1234 praelato
553 1159 723 1217 restitutus
748 1161 808 1218 est.

326 1258 504 1318 intrinsecus
528 1262 656 1333 operculi
681 1276 777 1334 super.
802 1269 959 1318 occurrunt
971 1262 1075 1318 oratio
1098 1261 1260 1318 dominica
1282 1266 1315 1318 ct
1329 1261 1434 1318 oratio
1451 1262 1490 1318 ad
1505 1259 1537 1321 S.
1555 1259 1626 1333 Spl-

217 1347 324 1416 ntum,
348 1347 382 1403 ln
405 1342 557 1420 operculo
569 1347 659 1407 inter.
683 1349 856 1424 decalogus
879 1347 1049 1404 etiterum
1072 1348 1177 1405 oratio
1200 1349 1294 1418 dom,
1311 1365 1385 1421 quae
1402 1364 1505 1404 omnes
1521 1350 1623 1419 lingua

218 1437 333 1490 bohem.
357 1443 495 1491 exaratae
526 1443 604 1491 sunt.
628 1434 723 1491 Etiam
746 1437 866 1507 respice,
890 1436 1018 1504 silibet,
1042 1443 1142 1492 notam
1165 1437 1298 1492 iocosam
1320 1439 1351 1492 ln
1374 1437 1512 1507 operculo
1536 1449 1624 1506 sup:

221 1521 354 1578 »Novum
378 1529 582 1578 testamentum
613 1537 665 1593 pro
688 1520 742 1580 Xll
765 1538 807 1593 gr.
832 1523 946 1593 venale,
977 1523 1025 1578 cui
1048 1529 1145 1578 autem
1176 1523 1272 1594 placet
1295 1538 1347 1594 pro
1371 1523 1464 1578 tribus
1487 1521 1622 1578 seldlinis

218 1609 287 1664 meri
313 1609 412 1664 boni«

324 1773 392 1856 159
543 1751 546 1758 “
810 1776 914 1851 lo.
943 1776 1005 1851 19.
1092 1743 1094 1748 ’

217 1916 324 1978 chart.
347 1931 434 1978 saec.
458 1913 527 1978 XV
547 1917 690 1997 tparlim
713 1933 746 1978 α.
769 1915 869 1990 1111)
883 1915 927 1998 ff
951 1915 1025 1987 129,
1047 1914 1188 1977 30><21
1214 1932 1277 1977 cm.
1302 1917 1319 1977 1
1345 1933 1389 1976 m.

326 2038 346 2100 1.
374 2036 504 2098 1·-56·
533 2037 721 2100 Sermones
754 2037 796 2098 de
828 2036 973 2099 sanctis.
1016 2035 1124 2098 »Beati
1168 2043 1246 2098 sunt
1279 2042 1363 2098 servi
1383 2086 1390 2100 .
1410 2083 1444 2098 ..
1471 2036 1620 2116 Quatuor

217 2132 303 2193 sunt,
328 2141 391 2204 que
422 2124 544 2185 faciunt
573 2125 740 2186 hominem
771 2124 929 2184 dormire«
964 2125 996 2182 ><
1023 2121 1147 2185 »Finito
1181 2124 1260 2184 libro
1293 2128 1336 2184 sit
1365 2126 1438 2185 laus
1462 2133 1494 2184 et
1516 2125 1617 2202 gloria

216 2211 357 2274 Christo,
381 2211 441 2271 Per
470 2226 589 2272 manus
620 2211 743 2271 domini
774 2209 869 2272 Petri
892 2209 1062 2288 capellani
1084 2210 1127 2273 de
1149 2208 1224 2289 Tyn
1247 2215 1279 2272 in
1303 2213 1410 2288 vigilia
1433 2227 1460 2272 s.
1484 2209 1619 2271 Bartho-

216 2299 312 2359 lomei
335 2298 474 2376 apostoli
498 2299 561 2358 sub
584 2315 614 2358 a.
639 2298 670 2358 d.
697 2296 810 2358 itii«

325 2402 346 2463 1.
370 2395 526 2464 562-58l
549 2400 728 2463 Sermones
751 2401 770 2461 2
795 2402 835 2462 de
860 2418 887 2462 s.
911 2401 1014 2461 lilaria
1037 2399 1244 2479 Magdalena.

325 2506 346 2567 1.
370 2505 547 2568 59·-127·
569 2505 758 2568 Sermones
780 2505 823 2567 de
846 2505 979 2568 sanctis
1014 2505 1113 2566 etde
1136 2502 1237 2566 lestis
1262 2502 1459 2565 mobilibus.
1486 2503 1617 2582 »Incipit

217 2595 296 2654 liber
317 2593 358 2654 de
383 2597 505 2654 sanctis
528 2592 623 2655 etde
653 2592 745 2652 lestis
777 2592 951 2653 mobilibus
982 2597 1014 2653 et
1037 2595 1140 2671 primo
1163 2592 1335 2670 prothema
1357 2590 1398 2651 de
1422 2607 1449 2650 s.
1474 2591 1616 2651 Andrea.

217 2679 408 2742 Secundum
443 2684 511 2741 iura
545 2686 577 2740 et
606 2681 713 2756 leges«
741 2681 772 2734 ><
797 2679 895 2758 (exp.
928 2679 969 2738 de
1001 2677 1034 2740 S.
1065 2676 1236 2754 Martinoz)
1281 2693 1485 2755 »corpusque
1521 2681 1618 2754 quasi

217 2767 428 2829 clarificatum
452 2765 600 2827 effulsit«

326 2869 347 2931 i.
376 2865 572 2930 127⁵-129·
594 2873 667 2942 (alia
691 2868 794 2948 manu)
818 2868 1038 2948 Quaestiones
1062 2867 1179 2928 breves
1202 2867 1243 2927 de
1267 2867 1455 2928 obedientia
1470 2867 1622 2927 ecclesia·

219 2962 301 3019 stica
324 2965 355 3018 et
378 2958 419 3018 de
442 2961 673 3018 communione
698 2956 760 3016 sub
784 2962 920 3034 utraque
944 2959 1063 3033 specie,
1088 2957 1186 3034 (quae
1211 2957 1307 3015 etiam
1331 2957 1363 3014 in
1387 2954 1540 3032 operculo
1565 2970 1620 3013 su·

219 3048 343 3124 periore
366 3043 620 3123 continuantur).

306 3149 424 3222 Utrique
453 3149 591 3220 operculo
626 3149 756 3218 adligata
786 3155 855 3204 sunt
884 3147 1044 3219 fragmenta
1074 3149 1193 3204 membr.
1225 3148 1409 3203 instrumenti
1433 3147 1544 3218 publici
1567 3145 1618 3201 Jo-

219 3237 326 3293 hannis
356 3235 468 3292 Pomuk
502 3236 612 3292 archid.
646 3234 812 3305 Zaczensis,
844 3238 942 3290 curiae
972 3235 1100 3306 archiep.
1131 3234 1213 3306 Prag.
1246 3234 1389 3301 officialia
1414 3233 1620 3289 concernentis

220 3339 340 3380 causam
371 3339 447 3393 mag.
478 3321 618 3394 Stephani
641 3321 775 3378 Tendrici
805 3323 840 3376 de
872 3321 1014 3377 Stankow
1036 3323 1319 3392 transsumentisque
1343 3321 1453 3376 bullam
1477 3319 1621 3375 Bonilacii

219 3409 260 3466 lX
283 3411 342 3466 dat.
365 3408 390 3465 ll
413 3410 453 3466 id.
478 3408 554 3464 blov.
588 3423 667 3464 anno
691 3415 772 3479 pont.
796 3409 927 3463 eiusdem
950 3411 1043 3479 primo
1065 3409 1164 3479 (1389
1187 3408 1233 3462 vel
1261 3408 1366 3478 1390).
1403 3406 1436 3462 ln
1460 3407 1621 3476 fragmento

220 3497 270 3552 ini.
295 3511 399 3552 manus
422 3511 501 3552 saec.
525 3494 580 3550 XV
603 3495 716 3550 initium
740 3497 886 3551 cantionis
910 3495 1025 3550 behem.
1049 3511 1074 3552 s.
1100 3495 1254 3550 Venceslai
1278 3497 1464 3567 perscripsit:
1492 3491 1623 3562 »Swaty

221 3597 298 3638 nass
329 3583 530 3640 wacalawe«.
554 3581 587 3636 ln
610 3581 747 3653 operculo
771 3582 850 3639 inser.
874 3581 999 3638 occurrit
1022 3588 1092 3637 nota
1107 3598 1185 3638 saec.
1201 3580 1274 3637 XV:
1302 3580 1377 3636 »Iste
1393 3587 1439 3635 est
1453 3580 1526 3635 liber
1542 3581 1621 3635 dom.

221 3669 333 3726 Nicolal
364 3673 399 3726 de
422 3669 574 3740 Trzyebon
598 3669 667 3724 dicti
691 3667 734 3739 Ly
759 3711 765 3724 .
791 3713 797 3724 .
825 3712 831 3724 .
862 3669 939 3738 ka«;
971 3673 999 3723 ln
1031 3668 1049 3724 1.
1085 3669 1161 3723 128:
1189 3668 1280 3723 »liber
1303 3667 1505 3723 monasterii.
1531 3709 1537 3722 .
1564 3709 1570 3720 .
1593 3667 1624 3720 in

221 3757 383 3813 Trachon«.
414 3757 524 3812 Deinde
556 3758 649 3811 codex
673 3755 742 3812 bibl.
767 3755 1000 3826 Rosenbergicae
1024 3755 1086 3825 luit,
1111 3771 1148 3810 ex
1170 3771 1230 3826 qua
1253 3755 1404 3810 restitutus
1428 3760 1472 3809 est
1495 3757 1623 3808 monast.

223 3843 362 3916 praelato.

328 4011 397 4093 160
820 4009 846 4084 I.
876 4009 922 4084 D.
951 4011 1013 4084 20.

223 4151 330 4214 ellari.
353 4169 439 4214 socc.
464 4146 550 4211 XIV
556 4149 603 4232 ff.
626 4149 693 4211 205
715 4167 818 4224 urrin„
841 4150 884 4210 21)
900 4155 932 4206 ><
945 4149 987 4210 22
1009 4167 1073 4211 ciri.
1090 4151 1107 4210 1
1122 4168 1167 4210 m.

330 4273 623 4352 antiphonarium
646 4271 741 4333 notis
765 4269 910 4333 musicis
934 4270 1152 4333 instructum.

331 4365 432 4420 Codex
455 4364 526 4420 bibl.
550 4363 792 4434 Rosenbergicae‚
816 4367 920 4433 postea
944 4367 1070 4418 monast.
1094 4360 1291 4417 Trebonensis
1316 4360 1381 4414 fuit.

331 4531 385 4613 lbi
833 4530 860 4604 1.
890 4530 937 4604 D.
966 4531 1026 4603 21.

224 4674 332 4736 chart.
355 4691 444 4736 socc.
469 4670 538 4732 XV
552 4671 591 4752 ff.
615 4671 676 4732 251
704 4687 806 4737 rrum..
829 4663 970 4731 30><21
996 4686 1057 4728 cm.
1083 4669 1113 4732 d.
1138 4687 1182 4730 m.

330 4795 351 4854 1.
379 4793 531 4855 1·-168·
549 4783 846 4855 »Thomasskonis
862 4791 1052 4854 Sermones
1068 4793 1110 4852 de
1121 4795 1309 4868 tempore·
1332 4787 1438 4852 »Cum
1452 4792 1628 4867 appropin-

225 4885 338 4961 quaret
359 4881 457 4942 Jesus
480 4880 715 4942 ierosolimam.
741 4877 862 4941 Sancta
893 4884 995 4939 mater
1015 4879 1171 4938 ecclesia«
1199 4878 1231 4933 ><
1259 4883 1316 4937 »ut
1340 4881 1447 4936 vitam
1473 4878 1628 4954 percipia-

225 4985 300 5029 mus
324 4974 468 5030 etemam
492 4969 627 5029 Amen«
668 4965 731 5040 (De
754 4972 887 5028 auctore
911 4965 951 5026 cl.
976 4964 1100 5026 Balbini
1124 4962 1205 5024 Boh.
1230 4963 1361 5024 doctam
1385 4961 1421 5035 ll,
1461 4961 1530 5034 195,
1567 4962 1627 5021 sed

225 5061 366 5117 observa
389 5072 560 5117 sermones
584 5059 631 5115 sic
654 5057 845 5131 incipientes
868 5053 941 5112 alibi
965 5053 1091 5112 attribui
1115 5050 1241 5111 Jeblino
1265 5050 1305 5110 de
1328 5047 1520 5127 Wodr'ranl)

912 5275 945 5326 59
