4066 5956
926 529 1007 593 1590

371 742 486 800 Titulus
516 741 582 798 libri
611 745 642 797 in
677 741 815 812 operculo
851 755 947 811 super.
980 741 1027 796 hic
1050 747 1110 796 est:
1146 739 1286 797 »Summa
1309 756 1377 797 cum
1401 740 1549 796 ordinario
1572 754 1663 811 parvo

263 831 358 886 fratris
389 829 562 886 Remundi.«
610 827 687 883 Nota
709 830 851 883 recentior
874 828 1051 883 intrinsecus
1075 827 1205 884 eiusdem
1229 828 1376 899 operculi:
1417 827 1494 883 »Iste
1525 827 1598 881 liber
1621 833 1664 881 est

263 917 345 973 Pauli
368 919 403 971 de
428 915 632 984 Slauicowicz‚
656 913 706 986 qui
729 916 816 970 debet
839 915 901 969 dari
925 915 962 968 ad
986 915 1132 970 librariam
1155 920 1223 985 post
1247 920 1387 971 mortem«
1412 913 1522 985 (cetera
1546 912 1664 968 atineis

264 1019 383 1060 corrosa
406 1003 498 1074 sunt).
521 1001 614 1058 Vetus
639 1001 714 1072 sign.
740 1001 774 1058 C.
800 1001 817 1056 2
842 1017 884 1058 or.
910 999 976 1056 5K.
994 999 1115 1056 Schulte
1139 999 1252 1059 Canon.
1269 1000 1420 1059 Handsch.
1438 1001 1570 1057 codicem
1586 999 1664 1055 hunc

264 1106 323 1146 non
345 1091 500 1148 recensuit.

371 1238 469 1321 1588
703 1236 804 1312 VIII.
837 1238 881 1313 G.
910 1240 944 1312 6.
974 1253 1086 1320 (arra
1106 1255 1129 1304 i.
1148 1269 1173 1304 a.
1193 1255 1246 1317 55.)

263 1363 371 1426 chart.
394 1378 479 1424 saec.
504 1359 560 1421 XI
565 1358 699 1422 V-XV
713 1360 754 1440 ff.
777 1360 853 1435 109,
875 1360 1053 1423 20·5><15
1073 1378 1136 1422 cm.
1161 1361 1193 1424 d.
1216 1379 1262 1422 m.

371 1465 391 1527 i.
420 1464 556 1526 12-572
580 1463 737 1542 (anepigr.)
774 1463 947 1527 Iohannis
978 1463 1100 1527 Wiclii
1125 1463 1306 1526 Tractatus
1331 1466 1373 1526 de
1394 1462 1663 1533 universalibus.

265 1552 434 1615 Praecedit
469 1555 661 1630 registrum:
701 1550 859 1611 »Libellus
894 1551 935 1611 de
969 1551 1208 1612 universalibus
1238 1556 1381 1613 continet
1418 1551 1455 1614 15
1478 1568 1570 1629 cap«

263 1643 283 1703 t.
307 1641 344 1701 3⁸
371 1638 605 1717 »inpugnando
629 1654 754 1698 errores
778 1637 818 1698 de
842 1637 1102 1698 universalibus«
1128 1639 1160 1695 ><
1189 1643 1309 1716 »aperit
1332 1653 1580 1716 aggressuros«

371 1725 391 1787 l.
415 1721 578 1785 bit—79b
601 1726 758 1798 (anepigr.)
780 1723 945 1785 Eiusdem
957 1722 1138 1786 Tractatus
1151 1725 1193 1786 de
1209 1725 1355 1786 materia
1371 1729 1406 1785 et
1421 1723 1543 1786 forma.
1559 1721 1663 1784 »Cum

263 1816 398 1874 materia
421 1817 453 1873 et
475 1811 580 1872 torma
603 1815 668 1872 sint
690 1811 903 1872 universalia«
931 1813 964 1868 ><
989 1815 1161 1872 »essencia
1177 1819 1282 1890 preter
1304 1812 1413 1884 deum,
1438 1815 1492 1888 qui
1510 1813 1552 1870 sit
1567 1811 1665 1870 bene-

265 1901 373 1961 dictus
397 1903 428 1958 in
453 1915 479 1959 s.
504 1914 552 1958 s«

372 1984 393 2047 l.
416 1983 579 2046 802—842
605 1981 777 2062 »Sequitur
792 1982 929 2044 Posicio
952 1998 1061 2046 rever.
1085 1982 1172 2061 Mag.
1186 1983 1352 2062 Stephani
1366 1984 1407 2045 de
1418 1981 1549 2058 Palem,
1565 1998 1664 2062 quam

264 2077 296 2134 in
320 2073 465 2153 quolibet
487 2071 728 2130 determinavit:
764 2069 887 2132 Utrum
917 2069 1130 2132 universalia
1152 2071 1304 2132 habeant
1327 2071 1443 2132 solum
1466 2069 1556 2131 nude
1579 2084 1665 2147 pure

263 2175 364 2223 esse«
390 2161 423 2216 ><
451 2157 509 2218 »Et
532 2157 579 2217 sic
603 2162 654 2216 est
676 2155 751 2216 finis
775 2160 869 2217 istius
893 2160 1071 2234 posicionis
1095 2155 1178 2236 Mgri
1202 2155 1390 2236 Stephani«

371 2244 391 2306 l.
415 2239 578 2305 84·-851’
600 2242 775 2306 Johannis
799 2242 904 2322 (Hus)
928 2243 968 2304 de
992 2241 1158 2304 Husinecz
1181 2243 1334 2306 Positio:
1360 2243 1503 2306 »Utrum
1520 2241 1666 2305 materia

261 2333 375 2410 prima
398 2347 490 2393 nunc
513 2331 579 2391 sub
602 2347 673 2391 una
695 2329 808 2391 forma
830 2330 1057 2390 substanciali
1080 2336 1115 2390 et
1138 2347 1232 2392 nunc
1255 2330 1320 2391 sub
1343 2329 1411 2392 alia
1434 2329 1592 2392 existens
1617 2329 1665 2390 sit

264 2417 446 2480 informis«
473 2418 506 2474 ><
531 2418 640 2495 »quod
664 2432 729 2478 non
765 2421 807 2476 sit
829 2421 945 2490 iustus,
976 2420 1072 2494 igitur
1094 2421 1153 2478 etc.
1178 2416 1219 2478 Et
1241 2421 1289 2478 sic
1313 2423 1363 2478 est
1386 2415 1461 2478 finis
1484 2418 1583 2478 huius
1607 2432 1665 2494 po·

266 2509 431 2566 sicionis«
457 2501 646 2581 Sequuntur
667 2508 764 2564 notae
789 2503 830 2563 de
853 2504 1100 2564 universalibus,

370 2592 389 2653 l.
414 2587 597 2652 ὃδὴ-1091
620 2593 779 2664 (anepigr.)
801 2588 974 2651 iohannis
996 2587 1119 2652 Wiciii
1138 2588 1319 2651 Tractatus
1342 2589 1385 2650 de
1408 2587 1662 2666 compositione

261 2677 423 2740 hominis
451 2674 546 2738 »Tria
569 2681 702 2738 movent
725 2694 777 2737 me
801 2681 957 2737 tractare«
982 2678 1016 2733 ><
1041 2682 1092 2737 »et
1114 2677 1187 2737 aiibi
1211 2676 1292 2736 satis
1317 2693 1406 2754 sepe.
1452 2676 1593 2754 Explicit
1623 2677 1664 2737 de

261 2765 405 2826 hominis
429 2768 705 2842 composicione«

372 2853 446 2911 Cod.
482 2869 594 2910 recens.
625 2853 698 2910 Beer
730 2855 761 2908 in
784 2853 873 2924 praei.
898 2854 966 2910 edit.
1000 2852 1171 2908 »Tractatus
1194 2853 1229 2908 de
1253 2867 1384 2924 compos.
1410 2853 1509 2909 hom«
1534 2851 1663 2924 p.vl11.

262 2941 415 3013 Operculis
447 2941 578 3011 adligata
615 2944 685 2996 sunt
714 2939 877 3010 fragmenta
908 2941 998 2998 chart.
1033 2946 1165 2996 actorum
1188 2939 1407 2996 iudiciariorum
1431 2940 1557 3011 archiep.
1581 2939 1663 3009 Prag.

263 3043 342 3087 saec.
365 3026 444 3087 XIV.
467 3027 561 3084 Vetus
585 3029 659 3098 sign.
683 3025 709 3096 J,
734 3027 764 3084 6.

369 3193 465 3276 1588
702 3193 803 3270 VIII.
835 3194 879 3270 G.
909 3195 942 3270 7.
970 3210 1076 3274 <terra
1094 3211 1160 3263 aa.
1178 3211 1232 3274 or.)

266 3317 375 3380 chari.
397 3333 487 3379 saec.
508 3315 547 3378 X
552 3312 774 3380 VII-XVIII
790 3317 831 3398 ff.
855 3317 928 3393 171,
951 3318 991 3381 21
1008 3320 1046 3396 ><
1060 3319 1103 3382 16
1115 3336 1177 3380 cm.
1202 3319 1232 3380 d.
1256 3336 1302 3381 m.

262 3437 431 3502 Collectio
462 3437 635 3516 indigesta
657 3444 858 3515 poematum
887 3439 1076 3501 latinorum
1100 3443 1134 3502 et
1156 3439 1435 3518 germanicorum
1464 3457 1485 3502 a
1507 3439 1663 3518 patribus

264 3524 296 3588 S.
321 3525 353 3588 J.
384 3529 419 3588 et
450 3541 572 3588 eorum
605 3523 789 3602 discipulis
819 3525 1099 3602 conscriptorum
1132 3542 1222 3589 saec.
1252 3525 1508 3602 XVII-XVIII,
1544 3527 1663 3607 quibus

635 3611 799 3672 accedunt
820 3615 928 3672 variae
952 3619 1048 3673 notae
1073 3613 1299 3674 scholasticae.

367 3781 463 3864 1588
710 3780 816 3860 VIII.
844 3783 890 3860 G.
916 3784 951 3860 8.
980 3800 1025 3867 (Y.
1043 3801 1067 3854 r.
1086 3804 1109 3852 r.
1127 3817 1154 3854 a.
1174 3803 1244 3866 112.)

262 3923 452 3986 membran.
473 3941 561 3985 saec.
585 3922 671 3986 XIV
679 3924 725 4005 ff
751 3925 803 4000 72,
826 3924 1003 3987 21><14·5
1022 3942 1085 3990 cm.
1109 3925 1141 3988 d.
1165 3943 1211 3988 m.
1229 3944 1308 3989 cum
1330 3925 1401 3987 init.
1415 3926 1490 4007 pict.

266 4026 486 4089 »Pantheon«
520 4027 578 4105 (de
608 4027 799 4090 virtutibus
829 4034 865 4089 et
893 4027 992 4092 vitiis
1014 4029 1094 4090 libri
1115 4028 1162 4090 1v
1184 4029 1355 4108 exemplis
1378 4030 1542 4094 illustrati
1565 4033 1663 4095 -in

842 4115 907 4176 line
931 4117 1091 4188 mutilati).

369 4200 390 4262 i.
418 4199 453 4260 l·
477 4200 609 4279 »Incipit
630 4201 709 4262 liber
739 4201 908 4263 Pantheon
931 4206 950 4263 i.
974 4220 1002 4263 e.
1026 4209 1116 4264 totus
1139 4203 1297 4267 divinus,
1318 4251 1352 4268 ..
1385 4204 1549 4285 Quoniam
1580 4207 1664 4268 ordi·

262 4304 340 4348 nare
363 4291 516 4348 materias
540 4287 745 4350 edificacioni
767 4295 801 4350 et
823 4291 919 4350 saluti
943 4294 1125 4351 animarum
1148 4292 1254 4366 utiles,
1290 4307 1389 4372 quarn
1424 4293 1456 4354 in
1479 4294 1543 4355 hoc
1566 4310 1663 4372 opere

261 4374 480 4434 intendimus«
507 4377 539 4432 Χ
562 4373 583 4436 s.
608 4371 666 4435 72¹³
698 4379 762 4444 (lib.
785 4379 826 4434 IV
857 4395 921 4451 cap.
950 4380 986 4436 13
1011 4380 1048 4435 de
1081 4383 1235 4438 temerario
1269 4377 1393 4452 iudicio)
1430 4383 1575 4458 »rogavit
1604 4380 1664 4441 do-

261 4465 395 4527 minum.
420 4466 456 4521 ut
478 4460 683 4522 ostenderet«
709 4465 832 4537 (cetera
855 4463 1082 4525 desiderantur
1103 4466 1218 4526 codice
1241 4467 1412 4540 mutilato).

368 4550 450 4621 Opus
482 4552 539 4606 hoc
570 4553 607 4606 ab
637 4553 821 4624 homonymo
853 4567 938 4624 opere
962 4552 1112 4610 Godeiridi
1137 4554 1331 4612 viterbiensis
1355 4559 1475 4612 omnino
1499 4557 1662 4628 discrepat!

260 4635 302 4692 Ci.
326 4635 407 4692 Pertz
430 4637 538 4693 Archiv
559 4637 601 4693 IX
623 4655 652 4710 p.
677 4639 750 4696 472.
775 4639 851 4696 Nota
875 4639 904 4694 in
928 4640 1068 4711 operculo
1091 4641 1244 4702 interiore:
1271 4642 1383 4698 »Istum
1397 4643 1504 4698 librum
1521 4643 1552 4702 ir.
1570 4643 1664 4700 Theo·

259 4725 349 4778 dorus
374 4726 436 4782 ord.
460 4723 536 4782 iratr.
569 4725 638 4782 min.
663 4729 813 4797 quondam
844 4727 1016 4798 capellanus
1040 4730 1118 4786 dom.
1143 4729 1277 4801 Rigensis
1302 4729 1515 4802 archiepiscopi
1538 4736 1664 4800 portavit

259 4824 357 4866 vener.
371 4813 449 4866 dom.
463 4811 590 4868 Amesto
602 4810 685 4883 Prag.
699 4815 919 4886 archiepiscopo
935 4815 1029 4884 primo
1045 4815 1230 4886 dignissimo,
1244 4823 1272 4872 et
1288 4817 1410 4888 pertinet
1426 4819 1465 4872 ad
1480 4817 1596 4872 tratrem
1610 4863 1616 4878 .
1631 4860 1638 4876 .
1655 4862 1662 4877 .

261 4891 382 4969 (nomen
405 4897 536 4968 erasum)
569 4901 632 4955 ord.
665 4901 787 4971 predicti
818 4903 973 4968 minorum,
1007 4902 1056 4973 qui
1090 4919 1171 4959 nunc
1193 4909 1239 4959 est
1260 4904 1424 4975 predicator
1446 4907 1477 4960 in
1500 4903 1660 4961 Hradecz.‹

259 4981 352 5039 Vetus
377 4985 452 5055 sign.
476 4984 530 5056 C‚t
555 4983 598 5044 Ci.
621 4985 739 5042 Balbini
763 4986 836 5044 Boh.
860 4988 950 5044 docta
971 4986 1021 5065 111,
1049 4989 1119 5050 121.

935 5207 987 5258 589
