3990 5956
922 573 985 636 657

360 783 381 846 i.
404 781 610 846 2792.3glu
632 783 799 848 Eiusdem
829 785 932 848 Liber
960 784 1003 846 de
1032 801 1116 848 eura
1138 784 1315 862 pastorali.
1343 783 1646 847 »Reverendissimo

251 877 284 933 et
307 875 517 932 sanctissimo
540 872 626 934 tratri
650 871 790 934 Jobanni
811 876 1030 951 co'e'piscopo«
1047 877 1077 927 ><
1093 871 1297 950 »Expliciunt
1320 870 1496 950 pastoralia
1518 874 1548 932 b.
1569 871 1652 934 Gre-

251 961 331 1037 gorii
362 975 445 1037 pape
476 963 662 1037 conscripta
695 976 752 1038 per
782 976 834 1020 me
857 958 1033 1022 Donatum
1056 957 1092 1020 in
1113 956 1272 1021 Goeriicz
1294 964 1431 1037 protunc
1454 959 1592 1019 ibidem«
1615 1007 1648 1020 ..

251 1049 410 1120 (maxima
440 1061 515 1124 pars
547 1046 644 1107 buius
675 1047 896 1108 conclusionis
926 1047 1029 1108 cultro
1059 1049 1172 1108 excisa
1195 1051 1262 1117 est:
1298 1046 1448 1125 reliquiae
1473 1049 1650 1124 scripturae

252 1132 430 1193 rubricatae
465 1132 586 1193 docent
620 1133 759 1194 scribam
795 1133 845 1193 hic
881 1133 921 1194 de
953 1139 1044 1212 peste
1079 1131 1209 1194 Gorlicii
1240 1139 1316 1194 tunc
1347 1137 1520 1210 grassante
1543 1133 1651 1211 aliqua

251 1219 352 1280 verba
374 1221 576 1292 inseruisse).

358 1304 379 1366 i.
404 1303 610 1366 3322-409b
633 1303 800 1372 Eiusdem
823 1304 981 1384 Quatuor
1002 1305 1081 1368 libri
1104 1305 1321 1384 dialogorum
1343 1305 1385 1367 de
1408 1305 1482 1366 vita
1496 1309 1531 1366 et
1546 1305 1651 1366 mira-

251 1391 340 1454 culis
362 1395 500 1470 patrum
523 1391 732 1454 Italicorum.
759 1391 931 1470 »Quadam
955 1393 1005 1452 die
1029 1395 1126 1454 nimis
1151 1393 1359 1470 quorundam
1383 1392 1597 1454 secularium«
1617 1394 1650 1450 ><

254 1477 313 1540 »Et
335 1481 367 1540 in
390 1478 455 1541 hoc
478 1483 690 1540 terminantur
712 1485 851 1558 quatuor
873 1478 892 1542 l.
910 1477 940 1538 d.
958 1480 988 1540 b.
1006 1478 1061 1540 Gr.
1081 1526 1115 1544 ..
1140 1482 1314 1557 conscripti
1338 1495 1394 1558 per
1409 1495 1462 1540 me
1475 1476 1650 1540 Donatum

251 1563 288 1627 in
310 1563 390 1627 dote
405 1563 641 1628 Goerliczensi
657 1564 914 1643 predicatorem
929 1563 1066 1640 ibidem,
1082 1581 1168 1646 quos
1184 1569 1289 1644 incepi
1306 1566 1368 1626 sub
1385 1583 1413 1626 a.
1432 1567 1462 1627 d.
1481 1564 1564 1626 1464
1583 1613 1590 1628 .
1609 1612 1616 1626 .
1643 1613 1648 1626 .

250 1651 436 1714 ebdomada
470 1656 619 1730 proxima
653 1659 728 1731 post
761 1650 882 1712 testum
917 1655 1161 1731 assumpcionis
1195 1651 1296 1714 blarie
1319 1653 1499 1714 notabiliter
1520 1655 1649 1730 vigente

251 1739 442 1800 mortalitate
466 1739 636 1800 hominum
660 1739 779 1800 ibidem
802 1743 836 1800 et
857 1737 946 1799 finivi
970 1744 1002 1800 in
1018 1743 1161 1801 crastino
1178 1757 1204 1800 s.
1223 1737 1394 1802 Catberine
1410 1743 1475 1800 iam
1492 1738 1650 1816 quodam·

250 1824 351 1886 modo
374 1826 489 1887 sedata
513 1825 600 1886 dicta
623 1827 834 1887 mortalitate«
856 1873 863 1886 .
883 1872 890 1885 .
911 1872 944 1887 ..

357 1911 376 1974 i.
400 1911 606 1974 4102-428·
629 1916 703 1986 (alia
726 1910 828 1985 manu)
851 1911 885 1973 S.
908 1911 1086 1974 Benedicti
1108 1911 1248 1991 Regula.
1266 1913 1454 1985 »Ausculta
1473 1928 1494 1971 o
1509 1911 1563 1986 iiii,
1580 1927 1649 1989 pre-

248 2003 343 2078 cepta
373 2003 536 2078 magistri«
554 2001 702 2072 ximeno
732 2001 840 2058 Donati
871 2003 999 2074 rubricz)
1036 1998 1194 2077 »Explicit
1224 1997 1346 2077 Regula
1368 2000 1398 2060 b.
1424 2002 1523 2078 patris
1546 1998 1649 2059 Bene·

247 2083 323 2146 dicti
347 2085 475 2146 abbatis
499 2085 590 2146 finita
613 2087 676 2146 sub
699 2103 728 2146 a.
755 2084 785 2146 d.
813 2083 972 2147 14651111.
998 2084 1040 2149 lV
1063 2092 1139 2165 post
1162 2086 1305 2146 Allexii.«

355 2171 377 2233 1.
400 2168 607 2234 428·-428”
634 2171 820 2234 »Ultimum
841 2176 1092 2234 testamentum
1116 2189 1143 2236 s.
1169 2171 1372 2235 Francisci.«

355 2257 608 2320 14291-1318
640 2257 771 2338 Regula
805 2259 835 2321 b.
877 2258 1063 2322 Francisci.
1101 2257 1286 2320 »Honorius
1320 2263 1497 2337 episcopus
1532 2274 1649 2318 servus

247 2359 417 2405 servorum
449 2346 519 2407 dei«
549 2353 575 2400 x
606 2345 762 2424 »Explicit
794 2363 816 2406 r.
841 2346 870 2406 b.
896 2345 944 2408 Fr.
969 2350 1156 2424 conscripta
1186 2362 1244 2423 per
1266 2361 1318 2406 me
1343 2343 1520 2408 Donatum
1542 2343 1649 2422 Ciuge

246 2430 289 2493 de
311 2429 465 2494 Roswen
489 2481 495 2494 .
522 2481 527 2494 .
554 2431 606 2510 .(i)
629 2451 656 2493 a.
683 2433 714 2496 d.
741 2428 822 2492 1455
846 2435 877 2493 in
901 2435 1007 2512 vigilia
1029 2433 1239 2511 palmarum«

355 2517 374 2578 1.
399 2516 606 2582 imi—439b
630 2517 663 2581 S.
696 2520 869 2596 Augustini
902 2517 1080 2582 Sermones
1110 2520 1232 2598 aliquot
1262 2524 1293 2579 et
1323 2533 1410 2578 unus
1434 2518 1464 2578 b.
1488 2517 1647 2578 lobannis

245 2608 391 2683 episcopi
417 2607 457 2666 de
482 2605 693 2667 consessione
717 2610 937 2684 peccatorum.

354 2692 374 2754 i.
399 2689 606 2753 idol-442b
641 2690 778 2754 Ecberti
812 2689 1028 2771 (Ekkeberti)
1060 2690 1195 2753 abbatis
1225 2689 1394 2752 Stimulus
1425 2689 1581 2752 caritatis
1613 2689 1649 2750 in

245 2777 337 2839 dom.
368 2777 493 2841 Jesum
524 2777 707 2842 Christum
736 2782 783 2851 (in
814 2777 879 2839 fine
910 2783 1073 2852 mancus).
1108 2778 1238 2839 »lesum
1269 2775 1475 2838 Nazarenum
1498 2793 1519 2836 a
1541 2775 1648 2836 Iudeis

245 2867 435 2928 innocenter
468 2866 766 2945 condempnatum«
787 2866 820 2922 ><
836 2869 965 2927 »anima
995 2883 1070 2926 mea
1102 2865 1209 2926 vidisti
1241 2870 1273 2925 et
1304 2867 1436 2925 miserta
1466 2879 1503 2924 es
1526 2867 1648 2937 (cetera

245 2951 492 3030 desiderantur).

348 3121 429 3206 656
704 3125 774 3202 IV.
802 3126 851 3201 D.
878 3124 913 3200 2.
942 3140 1172 3205 (111111.)

243 3244 351 3308 chart.
374 3265 408 3308 a.
430 3246 517 3308 1412
527 3247 573 3329 ff
598 3248 660 3310 127
684 3265 788 3326 num,
811 3248 956 3311 29><22
978 3265 1042 3310 cm.
1065 3246 1098 3308 d.
1121 3264 1165 3308 m.

509 3367 661 3432 Conradi
684 3372 726 3434 de
750 3370 990 3434 Waldhausen
1011 3368 1177 3431 Postillae
1201 3373 1375 3446 excerpta.

351 3472 372 3534 i.
400 3472 434 3533 1·
460 3473 667 3537 »Adventum
692 3475 815 3537 domini
840 3476 1038 3537 recolentes«
1067 3477 1097 3530 >t
1121 3472 1143 3534 1.
1171 3471 1247 3533 126³
1273 3471 1477 3550 »Expliciunt
1495 3479 1649 3550 excerpta

243 3559 369 3639 postille
385 3556 553 3621 Cbunradi
577 3561 618 3622 de
642 3561 861 3625 Walthausen
884 3561 975 3622 finita
998 3579 1028 3622 a.
1053 3561 1082 3620 d.
1099 3557 1183 3621 1412
1206 3563 1238 3619 in
1253 3559 1338 3638 vigil.
1362 3557 1491 3638 Georgii
1508 3559 1643 3620 militia«

351 3645 372 3707 1.
401 3645 476 3707 127²
502 3644 625 3708 Decem
649 3655 825 3728 praecepta
845 3651 1039 3728 germanice.

352 3753 384 3810 ln
417 3756 555 3826 operculo
591 3771 687 3827 super.
719 3757 898 3812 intrinsecus
933 3758 1046 3825 eadem,
1077 3762 1109 3811 ut
1132 3756 1248 3810 videtur
1271 3769 1370 3820 manu,
1394 3765 1469 3824 quae
1492 3758 1647 3824 praecepta

241 3857 330 3912 supra
354 3847 497 3898 recensita
521 3847 643 3912 notavit,
670 3845 886 3899 »subnotantur
908 3843 1038 3900 redditus
1055 3839 1178 3899 ecclesie
1191 3856 1216 3898 s.
1229 3841 1390 3910 Margarete
1403 3839 1433 3895 in
1445 3837 1645 3896 Marichekk.›

241 3927 352 3984 Deinde
375 3932 469 3985 codex
493 3937 553 3984 erat
578 3929 733 3986 »librariae
755 3929 885 3986 Mathiae
909 3929 1057 3992 laudae«,
1089 3927 1182 3984 Vetus
1206 3931 1280 3999 sign.
1304 3925 1338 3996 C,
1364 3926 1392 3981 3.

345 4111 425 4194 657
709 4113 776 4190 IV.
804 4115 851 4189 D.
879 4115 914 4190 3.
943 4129 1097 4200 ‹xrjaa
1117 4134 1170 4192 ra)

241 4235 431 4298 membran.
454 4253 541 4298 saec.
565 4235 652 4299 XIV
661 4236 707 4318 ff.
731 4237 774 4300 28
787 4233 905 4318 -l-I80
918 4237 973 4318 (z
986 4239 1064 4318 208)
1087 4257 1180 4304 1111111.
1195 4241 1238 4304 27
1254 4241 1376 4304 ><19·5
1395 4257 1458 4302 crte.
1481 4239 1513 4302 d.
1543 4257 1588 4300 m.

352 4361 501 4418 Praecedit
525 4362 575 4420 iol.
600 4378 659 4418 non
685 4380 775 4433 num„
799 4366 829 4420 in
853 4379 912 4436 quo
936 4365 1142 4436 consignatum
1166 4373 1210 4421 est
1234 4368 1396 4436 registrum.
1420 4365 1453 4420 In
1477 4367 1580 4420 eodem
1597 4364 1646 4420 iol.

243 4463 329 4504 verso
355 4447 480 4521 »Incipit
502 4451 686 4520 prohemium
710 4451 739 4506 in
763 4452 995 4508 constituciones
1018 4452 1178 4508 Clementis
1202 4469 1275 4524 pape
1299 4453 1403 4525 quinti.
1420 4451 1571 4508 lohannes
1587 4451 1648 4524 epi·

244 4550 356 4606 scopus
386 4551 488 4592 servus
522 4552 671 4593 servorum
694 4541 759 4592 det«
787 4535 825 4612 ><
854 4538 948 4595 »Data
969 4539 1115 4596 Avinione
1138 4538 1215 4598 Xlll.
1239 4540 1297 4596 kal.
1328 4538 1403 4598 Nor.
1428 4538 1530 4610 pontii.
1555 4539 1647 4595 nostri

244 4636 323 4678 anno
346 4625 488 4678 secundo.
513 4623 649 4679 Clemens
672 4627 793 4694 quintus
816 4626 846 4680 in
870 4625 997 4682 concilio
1020 4626 1213 4682 Viennensi«

347 4722 368 4784 1.
397 4723 516 4786 1⁸-28
567 4723 757 4788 Clementis
792 4743 900 4805 papae
934 4725 965 4787 V
999 4726 1290 4791 constitutiones.
1337 4724 1510 4789 »Clemens
1545 4731 1644 4806 episc.

240 4825 357 4870 servus
393 4827 476 4872 serv,
509 4812 560 4872 dei
580 4859 613 4876 ..
651 4813 840 4874 doctoribus
864 4819 896 4875 et
919 4815 1101 4876 scolaribus
1125 4814 1272 4877 Bononie
1297 4814 1585 4875 conmorantibus«
1615 4812 1643 4876 ><

243 4897 471 4974 »pontificatus
502 4903 603 4960 nostri
635 4916 724 4961 anno
756 4901 914 4962 secundo.
946 4901 1115 4964 lohannes
1146 4902 1263 4964 XXII«
1296 4901 1384 4980 (sic).
1416 4898 1571 4980 Sequitur
1592 4899 1645 4961 iol.

240 4999 307 5045 non
330 5001 432 5058 num,
455 4989 487 5045 in
512 5001 578 5064 quo
601 5003 699 5048 verso
723 5004 823 5049 manu
848 4992 1015 5049 recentiori
1039 4994 1152 5050 notata
1173 4991 1329 5050 occurrit:
1357 4987 1531 5050 Johannis
1553 4986 1646 5050 xxu

241 5069 455 5133 Constitutio
481 5071 661 5149 »Suscepti
685 5073 883 5153 regiminis«
910 5075 1004 5136 dea.
1029 5077 1059 5136 d.
1087 5074 1170 5138 1369
1192 5075 1279 5154 (sic).

922 5298 972 5348 263
