3972 5958
869 575 932 635 514

304 779 359 859 511
702 779 770 854 111.
801 781 839 854 F.
862 781 897 854 8.
927 795 1011 860 (aa
1032 797 1054 845 1.
1074 795 1185 857 aar.)

198 919 308 980 citari.
332 937 416 981 saec.
442 917 511 980 XV
524 918 565 1000 ff.
589 921 663 994 266,
685 920 897 982 22·5><15·5
918 938 980 980 cm.
1006 922 1022 980 I
1049 938 1094 981 m.

304 1041 491 1102 Sermones
522 1041 758 1104 dominicales.
804 1041 890 1104 Pars
914 1041 1094 1102 aestivalis
1118 1059 1139 1101 a
1162 1041 1254 1102 festo
1278 1040 1443 1118 Corporis
1468 1040 1598 1103 Christi

197 1144 310 1205 usque
334 1129 377 1188 ad
400 1129 589 1190 adventum
612 1137 700 1200 (cum
725 1131 879 1190 nonnulis
903 1131 1032 1190 insertis
1057 1129 1260 1200 bohemicis).

304 1217 334 1271 ln
359 1219 377 1274 1.
403 1219 457 1272 56·
479 1220 641 1274 rubricator
664 1221 739 1274 hanc
763 1226 862 1274 notam
887 1220 1015 1274 addidit:
1043 1218 1216 1273 »Dominica
1239 1219 1293 1272 hec
1306 1218 1393 1273 tercia
1411 1219 1512 1273 incidit
1530 1225 1596 1272 ante

198 1306 303 1358 testum
328 1303 471 1360 lobannis
495 1306 674 1374 precursoris
699 1307 819 1374 domini,
844 1307 923 1375 quod
947 1306 1000 1360 luit
1024 1305 1073 1360 ier.
1098 1304 1132 1360 ll.
1179 1304 1213 1359 Et
1248 1305 1386 1375 equulum
1423 1305 1492 1359 mihi
1518 1321 1599 1360 sum-

198 1399 318 1460 pserunt
342 1391 370 1445 in
394 1390 560 1446 waatlina
583 1395 659 1462 apud
677 1395 856 1447 sacerdotem
873 1392 1022 1446 Danielem
1041 1391 1090 1445 ier.
1115 1390 1152 1446 lll
1176 1393 1205 1446 in
1230 1393 1345 1461 syllaba
1358 1392 1408 1446 illa
1421 1408 1483 1446 mar
1498 1397 1597 1462 protas

198 1493 278 1531 anno
306 1477 417 1534 tata«
444 1477 501 1532 Sed
525 1480 587 1532 dies
612 1480 658 1533 ltic
683 1480 824 1533 nominati
849 1495 908 1533 non
933 1481 1112 1532 conveniunt
1136 1480 1172 1532 ad
1197 1495 1223 1532 a.
1246 1479 1393 1532 1410sed
1411 1480 1447 1532 ad
1465 1495 1491 1535 a.
1518 1479 1596 1532 1409

196 1568 360 1618 secundum
392 1564 495 1631 Emler,
528 1563 668 1620 Rukovei.
715 1565 816 1620 Codex
848 1573 942 1620 autem
968 1565 1110 1620 recentior
1133 1572 1186 1632 est,
1211 1581 1277 1618 cum
1302 1565 1319 1621 l.
1346 1557 1402 1619 tilb
1427 1567 1596 1619 communio

196 1653 253 1704 sub
277 1659 398 1720 utraque
423 1651 535 1706 laicalis
559 1659 809 1708 commemoretur.
845 1652 997 1722 Operculis
1022 1653 1182 1720 adligatum
1217 1659 1262 1704 est
1296 1652 1397 1720 lragm.
1434 1653 1594 1705 membran.

196 1737 382 1792 instrumenti
407 1739 527 1808 publici,
551 1745 712 1794 atramento
735 1739 868 1794 oblitum.

301 1903 371 1984 512
673 1906 745 1981 III.
773 1907 814 1982 F.
843 1909 877 1982 9.
905 1922 949 1984 (x.
969 1921 1003 1971 u.
1023 1922 1046 1970 r.
1066 1937 1091 1972 n.
1111 1922 1163 1973 rat

195 2044 305 2103 clatri.
329 2063 416 2105 sarr.
441 2043 508 2104 XV
517 2047 564 2127 ff.
589 2047 662 2120 246,
684 2046 893 2106 21·5><15·5
914 2064 975 2105 cnr.
1000 2046 1031 2106 d.
1057 2064 1100 2106 m.

302 2165 321 2224 1.
351 2169 361 2226 l
389 2165 515 2227 'l'extus
539 2169 559 2227 4
583 2171 834 2244 evangeliorum.

301 2268 320 2329 l.
346 2270 464 2330 2¹¹-iil
488 2270 641 2331 Boniiacii
667 2289 770 2349 papae
795 2270 836 2330 lx
860 2271 951 2331 Bulla
981 2275 1153 2331 instituens
1185 2270 1304 2330 testum
1344 2273 1538 2328 visitationis
1563 2269 1593 2328 b.

195 2353 315 2414 ,llariac
340 2357 570 2417 celebrandum
595 2375 669 2418 cum
694 2357 803 2417 oslieio
828 2358 900 2417 l'esti
925 2359 1083 2418 ciusdem.

300 2459 319 2521 1.
350 2463 507 2520 llll-13²²
532 2461 647 2522 Sermo
671 2463 712 2522 de
736 2480 763 2521 s.
788 2462 890 2522 llaria
913 2462 1119 2538 llagdalcna.

300 2563 319 2622 1.
349 2565 527 2624 tta-tao*
551 2566 738 2628 Sermones
762 2565 988 2626 dominicales
1012 2573 1047 2627 et
1070 2565 1261 2626 festivales.
1291 2564 1378 2625 Pars
1401 2561 1594 2623 aestivalis,

196 2653 280 2712 t'um
306 2656 334 2710 in
361 2650 390 2712 tl.
420 2653 566 2712 ll--llti
602 2671 691 2712 rarae
716 2660 840 2712 tantum
864 2654 996 2730 glossae
1021 2654 1212 2713 bohemicae
1237 2657 1418 2713 occurrant.
1443 2668 1462 2708 a
1486 2649 1505 2709 1.
1538 2648 1593 2708 147

195 2754 301 2816 usque
325 2739 365 2796 ad
390 2739 488 2798 linem
515 2745 591 2800 sunt
615 2757 784 2799 sermones
813 2740 1085 2798 latino-bohemici
1118 2731 1264 2816 (Kazani
1292 2730 1595 2807 latinsko-ceslra).

301 2824 320 2884 l.
345 2822 551 2884 22b'b—243b
576 2827 753 2886 Sermones
778 2831 808 2886 in
833 2827 986 2885 adventu.

300 2911 319 2970 s.
344 2909 549 2972 {illl-2461>
574 2907 706 2974 Kazani
731 2931 755 2972 v
778 2913 844 2972 den
868 2906 1035 2973 narozenr'
1055 2903 1153 2989 pane.

299 3081 370 3162 513
638 3082 709 3158 HI.
738 3085 778 3157 F.
807 3085 866 3158 It).
896 3099 939 3162 (Υ.
960 3100 979 3148 1.
999 3101 1023 3149 2.
1043 3116 1067 3148 a.
1089 3101 1158 3160 121.)

195 3222 384 3282 rrrctrrbrun.
407 3241 494 3282 saec.
519 3221 705 3284 XIII—XI
709 3223 736 3282 1¹
751 3223 790 3304 ff.
815 3225 890 3300 139,
913 3225 1000 3285 23><
1013 3224 1056 3285 16
1078 3241 1137 3284 cnr.
1165 3224 1196 3284 d.
1221 3241 1263 3282 m.

193 3342 218 3404 F
221 3349 282 3402 rat.
306 3341 458 3404 'rhomae
482 3344 522 3404 de
547 3345 686 3421 Aquino
711 3347 781 3407 ord.
807 3346 921 3422 praed.
947 3348 1089 3407 Summa
1111 3361 1217 3422 super
1238 3345 1365 3404 librum
1388 3342 1593 3403 Ethicorum

790 3433 1000 3493 Aristotelis,

296 3515 316 3576 1.
345 3519 377 3578 11ι
401 3521 558 3590 (anepigr.)
598 3517 707 3579 »Sicut
742 3520 817 3579 dicit
851 3519 959 3579 l'saac
995 3524 1026 3578 in
1062 3519 1140 3578 libro
1177 3519 1216 3577 de
1250 3517 1522 3577 diffinicionibus«
1564 3513 1591 3578 ><

191 3603 210 3662 l.
241 3599 316 3662 ltitlb
344 3611 394 3663 »et
417 3609 603 3665 terminacio
628 3623 756 3665 summe
782 3611 880 3666 totius
904 3607 971 3665 libri
989 3606 1178 3665 ethicorum.
1206 3605 1275 3664 lico
1292 3608 1428 3680 gracias.
1456 3603 1593 3680 Explicit

192 3707 322 3748 summa
346 3707 445 3767 supra
470 3692 582 3752 librum
607 3694 785 3752 ethicorum
811 3694 897 3753 edita
919 3711 939 3751 a
962 3692 1057 3752 fratre
1088 3691 1219 3751 Tlmma
1250 3693 1290 3751 de
1315 3693 1444 3770 Aquino
1469 3691 1591 3749 ordinis

193 3777 460 3854 predicatorum«

295 3883 411 3938 Initium
436 3886 531 3956 operis
556 3887 639 3940 valde
664 3888 810 3957 discrepat
834 3889 870 3941 ab
895 3888 1022 3941 editione
1047 3886 1206 3940 Parmensi.

297 4049 371 4130 514
649 4054 719 4128 III.
748 4056 787 4128 F.
816 4055 876 4128 II.
906 4072 950 4136 (x.
969 4071 1004 4122 ιι.
1022 4074 1046 4122 a.
1067 4086 1093 4122 n.
1112 4072 1165 4134 ar.)

191 4191 301 4252 citari,
325 4209 411 4253 saer.
436 4192 632 4255 XIV-XV
640 4195 687 4275 ff.
711 4195 785 4268 226,
808 4195 1021 4256 21·5><15·5
1041 4212 1104 4255 cm.
1128 4195 1145 4254 I
1171 4212 1214 4254 rn.

295 4315 315 4375 1.
344 4313 463 4376 l-titll’
486 4317 658 4379 iohannis
672 4318 792 4380 Wiclit
811 4317 993 4380 Tractatus
1009 4320 1051 4379 de
1064 4314 1281 4393 blasphemia
1299 4314 1476 4390 (Summae
1491 4315 1592 4373 theo-

191 4401 303 4478 logiae
325 4401 412 4463 liber
433 4403 518 4477 XII).
558 4404 688 4466 »Restat
712 4410 877 4466 succincte
902 4408 942 4466 de
968 4405 1139 4466 blasfemia
1163 4401 1443 4480 pertractandum«
1473 4405 1503 4456 ><
1531 4399 1590 4458 »ad

191 4491 254 4548 boc
279 4493 489 4550 ministerium
515 4493 692 4552 limitatum.
719 4494 833 4553 Amen.
858 4491 982 4572 Vtyess
1006 4499 1040 4570 ty
1063 4490 1139 4565 (sic)
1157 4489 1256 4549 buoh.
1282 4488 1419 4564 Explicit
1436 4491 1591 4545 tractatus

191 4577 231 4721 ge
268 4577 469 4722 bffihemia
505 4580 688 4639 secundum
723 4580 906 4640 iohannem
943 4577 1102 4639 liblacis«
1141 4576 1200 4636 Ed.
1234 4575 1408 4635 Dzietvicki
1445 4607 1484 4615 —
1510 4571 1592 4632 Lon-

214 4679 256 4721 on
346 4701 374 4723 ι.

294 4765 313 4826 l.
338 4761 519 4829 bat-134³
542 4768 708 4831 Eiusdem
731 4770 911 4831 Tractatus
935 4769 977 4829 de
1000 4768 1179 4846 apostasia
1209 4767 1387 4839 (Summae
1410 4762 1497 4823 liber
1521 4762 1590 4838 XI).

193 4851 323 4914 »Restat
346 4854 479 4915 ulterius
503 4874 642 4934 ponere«
670 4859 702 4914 ><
729 4862 778 4920 »in
802 4858 864 4917 hoc
888 4857 1061 4916 venerabili
1087 4861 1303 4914 sacramento.
1342 4851 1479 4929 Explicit
1512 4857 1592 4909 trac-

190 4947 277 4999 tatus
301 4939 341 4999 de
376 4949 544 5018 apostasia
582 4962 639 5022 per
676 4945 888 5004 reverendum
928 4944 1095 5003 doctorem
1118 4941 1144 5002 J.
1170 4941 1234 5009 tlt,
1266 4944 1359 5000 cuius
1389 4942 1500 4998 anima
1537 4953 1593 5015 per

192 5029 446 5088 misericordiam
470 5032 637 5090 altissimi«
663 5032 747 5110 (sic).
772 5032 865 5092 Edid.
890 5031 975 5090 idem
1000 5030 1118 5090 ibidem
1136 5028 1226 5088 1889.

866 5255 915 5302 203
