4046 5972
912 549 955 610 48

342 758 363 818 l.
392 757 466 819 132Ιι
490 756 557 817 »De
581 763 652 818 octo
676 757 906 835 principalibus
929 761 1072 835 peccatis
1094 763 1127 818 et
1150 761 1248 818 ramis
1280 773 1401 817 eorum.
1427 755 1476 816 De
1501 763 1630 835 septem

234 851 335 915 viciis,
359 843 492 922 quando
517 852 594 904 sunt
617 845 781 903 mortalia«
808 845 922 920 (manu
946 842 1069 905 Crucis
1092 844 1134 905 de
1157 841 1278 920 Telcz).

343 931 362 992 l.
390 927 467 991 132l’
487 927 590 990 lletra
613 931 652 990 de
678 935 803 1008 septem
827 934 911 990 vitiis
936 934 967 990 et
990 931 1161 991 virtutibus
1185 929 1306 1008 (manu
1330 929 1476 1007 eadem).

342 1017 362 1078 l.
392 1015 591 1078 1331-173ι
610 1014 779 1077 Guidonis
803 1017 845 1077 de
868 1015 970 1079 Senis
1004 1032 1067 1078 seu
1101 1015 1219 1094 potius
1253 1014 1407 1078 Mauritii
1441 1015 1544 1094 Angli
1575 1014 1634 1076 Di·

233 1103 440 1166 stinctiones
456 1103 696 1181 exemplorum
709 1102 792 1164 novi
804 1109 838 1164 et
850 1102 981 1164 veteris
997 1103 1201 1165 testamenti
1213 1105 1418 1164 abbreviatae
1432 1109 1464 1164 ct
1479 1103 1633 1163 reductae

233 1193 275 1252 ad
300 1193 447 1252 diversas
471 1193 623 1250 materias
647 1189 829 1250 secundum
855 1189 1001 1250 ordinem
1025 1190 1197 1268 alphabeti.
1236 1191 1466 1251 »Abstinencia
1490 1195 1541 1250 est
1564 1206 1630 1249 me·

234 1283 281 1338 riti
304 1281 563 1356 augmentativa«
590 1277 623 1332 ><
650 1275 761 1354 »Expt
786 1277 859 1338 dist.
884 1281 944 1338 etc.
970 1293 1027 1354 per
1049 1294 1101 1337 me
1125 1275 1275 1338 Crucem
1298 1277 1341 1338 de
1363 1275 1461 1339 Telcz
1484 1275 1573 1336 finite
1602 1279 1633 1335 in

234 1371 350 1425 octava
372 1367 517 1441 corporis
541 1361 616 1424 Chr.
640 1367 671 1423 in
696 1363 796 1423 Plana
821 1360 933 1423 litia«
960 1361 1113 1440 Sequitur
1129 1367 1299 1440 registrum
1316 1379 1422 1441 usque
1446 1363 1488 1422 ad
1505 1362 1525 1423 l.
1547 1361 1632 1429 176³,

234 1453 287 1512 ubi
311 1451 386 1512 finis
410 1451 478 1510 hle:
507 1447 617 1526 »Expi
643 1467 707 1526 reg.
734 1467 791 1528 per
813 1466 865 1509 me
888 1450 908 1525 's
932 1447 1003 1510 d'T.
1039 1454 1071 1510 in
1096 1449 1195 1510 Plzna
1218 1449 1274 1510 ier.
1309 1448 1351 1509 Vl
1387 1454 1463 1528 post
1497 1455 1633 1510 octavas

234 1555 321 1616 corp.
346 1537 421 1600 Chr.
446 1541 477 1598 in
502 1537 601 1596 domo
625 1537 895 1614 capellanorum«

341 1639 362 1701 l.
391 1635 590 1700 1772-2311’
609 1637 884 1701 Concordantiae
907 1639 1032 1701 bibliae
1054 1639 1240 1701 distinctae
1263 1657 1324 1716 per
1347 1641 1375 1698 V
1398 1639 1516 1702 libros.
1552 1636 1632 1699 »Pri-

235 1745 309 1788 mus
333 1729 411 1788 llber
432 1731 499 1804 agit
521 1727 561 1786 de
585 1725 656 1797 mis,
691 1743 754 1805 que
787 1731 945 1804 pertinent
974 1726 1016 1786 ad
1048 1731 1363 1804 prevaricacionem‹
1390 1729 1422 1784 ><
1449 1726 1561 1804 »Expi
1587 1743 1633 1784 re-

233 1819 368 1892 gistrum
404 1818 435 1874 in
467 1813 620 1874 concord.
653 1829 709 1890 per
739 1829 791 1873 me
826 1811 973 1875 Crucem
1004 1813 1047 1874 de
1070 1812 1166 1874 Telcz
1190 1817 1221 1874 in
1246 1813 1345 1873 Plzna
1369 1831 1455 1874 nova
1478 1817 1509 1874 in
1534 1813 1633 1873 domo

233 1903 474 1979 capellanorum
498 1917 527 1960 a.
556 1897 637 1958 1469
661 1899 742 1960 inira
765 1905 915 1960 octavam
943 1903 1145 1960 visitacionis
1170 1916 1196 1960 s
1220 1897 1351 1960 Marte«

341 2003 362 2064 l.
386 2003 590 2063 eata-245³
610 2003 643 2064 S.
666 2003 854 2080 Augustini
876 2003 1065 2064 Sermones
1088 2003 1131 2064 ad
1154 2002 1362 2066 Heremitas.

343 2107 362 2168 l.
387 2102 590 2166 2462-274b
620 2105 756 2184 (Jacobi
789 2106 831 2168 dc
861 2105 1047 2167 Lausanna
1091 2105 1345 2184 Compendium
1382 2106 1633 2184 moralitatum)

237 2193 520 2273 -applicaciones
545 2194 740 2254 thematum
778 2193 970 2254 secundum
1003 2191 1161 2255 ordinem
1192 2193 1367 2272 alphabeti
1399 2194 1442 2254 ad
1476 2193 1633 2254 diversas

235 2280 428 2343 materias·
459 2280 582 2340 »Abicit
604 2279 748 2340 mundus
772 2297 951 2358 pauperes«
978 2281 1010 2336 ><
1036 2278 1096 2341 »Et
1112 2285 1158 2341 sic
1176 2288 1226 2342 est
1243 2281 1318 2342 finis
1335 2283 1432 2341 huius
1453 2285 1561 2358 operis
1578 2297 1635 2358 per

234 2369 463 2446 alphabetum«
489 2369 523 2445 (a
545 2365 566 2427 i.
591 2366 654 2427 258
678 2383 777 2427 manu
801 2365 923 2428 Crucis
947 2366 989 2426 de
1010 2364 1132 2445 Telcz).

341 2469 362 2531 l.
386 2467 590 2530 2752-3111‘
612 2469 823 2549 (Berengarii
845 2470 887 2531 de
911 2469 1085 2548 Londora)
1122 2470 1257 2532 Lumen
1290 2471 1436 2535 animae.
1470 2471 1633 2531 »Philoso-

236 2559 320 2636 phus
344 2561 374 2618 in
398 2553 440 2616 Vl
464 2556 515 2616 llb.
539 2558 745 2618 animalium«
772 2561 803 2614 Χ
830 2556 912 2635 »Qui
936 2573 987 2616 me
1012 2558 1184 2628 scribebat,
1216 2557 1312 2620 Crux
1335 2559 1377 2620 de
1400 2556 1497 2620 Telcz
1513 2574 1633 2618 nomen

235 2645 420 2790 geppbpppl.
440 2640 643 2789 'lagequstur
665 2648 845 2720 registrum.
864 2642 926 2722 (De
956 2649 1088 2704 auctore
1124 2644 1165 2704 cl.
1204 2644 1366 2717 Burdach,
1402 2645 1575 2706 Centralbl.
1611 2641 1633 2704 i.

263 2735 269 2790 i
307 2778 313 2792 .
409 2777 416 2798 ‚
492 2729 527 2794 ³).

343 2833 363 2895 l.
386 2830 591 2894 3121)-3171
611 2833 644 2894 S.
667 2833 933 2895 Bonaventurae
957 2832 1058 2911 (recte
1082 2833 1245 2896 Guilelmi
1268 2834 1309 2896 de
1332 2835 1482 2913 Lancea)
1513 2833 1636 2895 Diaeta

236 2919 369 2983 salutis.
396 2919 484 2980 »Hec
508 2926 559 2980 est
581 2924 651 2980 vla«
679 2923 709 2976 ><
738 2920 848 2998 »Expi
873 2919 1045 2981 Tractatus
1080 2921 1194 2982 Diaeta
1216 2923 1267 2982 vel
1290 2925 1343 2982 via
1368 2923 1507 2982 salatia.
1527 2937 1635 2999 ..per

236 3025 287 3068 me
321 3007 467 3070 Crucem
497 3007 539 3067 de
568 3004 666 3067 'selca
690 3011 720 3067 ln
745 3007 843 3066 Plzna
866 3025 895 3067 a.
922 3005 1005 3068 1472
1029 3012 1060 3068 in
1084 3015 1201 3069 octava
1224 3013 1432 3070 ascensionis
1456 3009 1577 3070 domini
1601 3013 1633 3070 in

236 3095 334 3156 domo
358 3095 627 3172 capellanorum.=

342 3198 363 3259 f.
387 3195 590 3259 3182-3292
609 3195 775 3258 Eiusdem
801 3195 953 3258 Libellus
988 3197 1263 3272 meditationum,
1299 3198 1359 3276 qui
1393 3198 1507 3276 imago
1539 3197 1635 3259 vitae

236 3291 397 3348 aeternae
419 3283 626 3345 intitulatur.
654 3283 782 3344 »Flecto
804 3300 913 3360 genua
936 3301 1027 3344 mea«
1055 3287 1086 3341 ><
1113 3284 1225 3363 »Expi
1250 3286 1375 3347 libellus
1402 3293 1462 3347 etc.
1494 3303 1551 3364 per
1581 3303 1633 3346 me

236 3371 382 3435 Crucem
405 3372 448 3432 de
470 3369 568 3432 Telca
590 3375 621 3432 in
647 3370 745 3431 Plzna
768 3387 855 3432 nova
877 3387 906 3430 a.
932 3371 962 3431 d.
989 3369 1102 3432 14⁷2.-

343 3477 364 3538 f.
388 3471 592 3537 329³-329b
617 3473 750 3534 »Sermo
774 3479 805 3535 in
829 3479 1015 3535 communi«
1041 3476 1089 3552 (Ξ
1100 3474 1289 3537 Cuiusdam
1313 3475 1399 3554 Vagi
1423 3475 1635 3553 compositio

235 3563 277 3625 de
300 3563 461 3625 omnibus
485 3561 633 3624 statibus
656 3559 878 3639 rhythmica).
905 3560 987 3622 »Viri
1012 3561 1125 3622 iratres
1149 3567 1232 3622 servi
1264 3563 1334 3622 del«
1371 3569 1426 3636 (ex
1461 3568 1523 3623 aiio
1558 3563 1631 3624 cod.

236 3657 348 3712 nostro
371 3651 433 3710 sub
457 3652 546 3710 titulo
572 3646 699 3709 »Dolus
731 3647 868 3709 mundi«
894 3648 979 3709 edld.
1003 3647 1116 3710 Hdller
1139 3653 1169 3710 ln
1190 3647 1304 3727 Script.
1322 3667 1379 3710 rer.
1405 3651 1478 3710 hus
1504 3649 1539 3722 ll,
1564 3647 1629 3728 51).

343 3753 363 3814 i.
387 3749 592 3813 aso-{last
624 3751 757 3813 Alberti
790 3751 905 3829 Magni
938 3751 1127 3813 Paradisus
1158 3751 1304 3813 animae.
1353 3751 1456 3813 »Sunt
1490 3755 1631 3832 quedam

234 3845 336 3901 vicia«
362 3842 394 3897 ><
420 3843 516 3917 »quia
538 3855 654 3899 omnes
679 3845 757 3901 sunt
777 3843 865 3900 unite
889 3843 920 3900 in
944 3844 1128 3917 gracia...
1153 3838 1193 3899 Et
1216 3843 1263 3899 sic
1294 3845 1346 3899 est
1379 3838 1454 3900 finis
1489 3857 1546 3917 per
1581 3857 1634 3900 me

234 3927 431 3990 iohannem
454 3926 496 3987 de
518 3925 592 4004 Tyn
615 3925 817 3986 Horssow.«

343 4030 364 4091 i.
388 4028 591 4090 3492—371a
611 4028 880 4091 controversiae
902 4029 980 4090 libri
1003 4030 1165 4090 Senecae.
1202 4027 1394 4108 »Quoniam¹
1430 4036 1465 4089 ut
1499 4034 1543 4089 ait
1577 4027 1635 4090 Se-

236 4135 336 4178 neca«
362 4118 395 4174 ><
421 4116 577 4194 »Explicit
600 4120 758 4194 scriptura
781 4115 1083 4178 Controuersiarum
1112 4116 1180 4176 libri
1214 4114 1339 4177 Senece
1364 4120 1395 4177 in
1421 4115 1522 4178 Plzna
1545 4133 1633 4177 nova

237 4222 293 4283 per
316 4221 367 4264 me
391 4202 539 4265 Crucem
562 4202 604 4264 de
627 4200 725 4264 Telcz
747 4221 776 4264 a.
803 4201 914 4264 lata«
942 4201 1094 4280 Sequitur
1117 4203 1226 4263 tabula
1249 4207 1367 4281 operis.

344 4307 365 4370 l.
389 4303 595 4369 3711-381δ
616 4307 787 4386 Imagines
804 4306 933 4368 mundi.
960 4307 1027 4368 »De
1044 4311 1270 4368 incarnacione
1290 4323 1361 4385 cap.
1384 4305 1405 4366 l.
1422 4304 1634 4366 Theodosius

236 4397 277 4456 de
299 4400 365 4456 vita
387 4395 594 4456 Alexandri«
622 4397 654 4452 ><
680 4395 792 4472 »Expt
817 4399 976 4471 imagines
1000 4393 1112 4454 mundi
1137 4399 1254 4472 scripte
1279 4410 1336 4471 per
1358 4410 1410 4453 me
1428 4391 1576 4454 Crucem
1592 4393 1635 4454 dc

235 4482 334 4546 'l'clcz
357 4487 389 4543 in
413 4481 513 4542 Plzna
536 4498 623 4542 nova
645 4485 677 4542 in
702 4483 801 4542 domo
825 4482 1066 4559 capellanorum
1090 4498 1119 4540 a.
1149 4478 1232 4542 1470
1263 4481 1401 4541 sabbato
1435 4485 1509 4540 ante
1544 4484 1636 4558 quin-

236 4585 491 4648 quagesimam.·

344 4657 365 4718 i.
389 4654 593 4717 3822-4132
611 4654 648 4716 B.
671 4653 795 4716 Isidori
817 4653 918 4714 Liber
940 4654 983 4714 de
1005 4670 1145 4715 summo
1169 4654 1270 4715 bono.
1299 4653 1491 4715 »Summum
1512 4653 1635 4713 bonum

237 4743 320 4803 deus
342 4749 411 4804 est«
437 4745 470 4800 ><
496 4741 607 4820 »Expl
631 4743 709 4802 liber
731 4748 791 4801 etc.
816 4758 873 4818 per
895 4757 946 4800 me
970 4739 1119 4802 Crucem
1141 4741 1183 4802 de
1199 4739 1297 4802 Telcz
1314 4746 1344 4802 in
1363 4740 1461 4800 Plzna
1476 4744 1508 4801 in
1534 4739 1634 4800 domo

237 4831 477 4908 capellanorum
501 4832 533 4889 in
557 4829 609 4890 die
633 4845 661 4888 s.
685 4826 829 4889 Silvestn'
853 4845 882 4888 a.
909 4826 1022 4888 1468.«

346 4915 365 4977 l.
389 4911 593 4976 4132-4141’
612 4913 778 4976 Eiusdem
800 4913 958 4991 Epistola
979 4915 1021 4976 de
1037 4931 1162 4975 norma
1184 4913 1278 4974 vitae
1301 4913 1343 4974 ad
1360 4911 1532 4990 quendam
1555 4912 1639 4974 ado-

236 5002 438 5064 lescentem.
467 5002 554 5080 »Age
578 5000 622 5062 fili
645 5008 682 5063 ut
704 5007 848 5079 oportet«
875 5003 907 5058 ><
933 5001 1046 5079 ›Expl
1071 5000 1246 5061 Isidorus.-

923 5224 954 5274 13
