4004 5966
1075 572 1138 632 228

401 777 577 839 Tractatus
601 778 641 838 de
666 779 825 855 pulsibus.
871 778 892 840 f.
920 778 997 840 106·
1024 779 1179 858 »Explicit
1211 780 1253 839 de
1288 781 1461 840 universali
1495 784 1611 840 virtute
1647 781 1807 858 simplicis

404 864 591 925 medicine«
621 865 751 942 »lncipit
775 872 929 926 tractatus
951 867 993 926 de
1016 867 1233 928 vulneribus«
1281 867 1301 927 l.
1330 866 1496 926 tos-132
1542 865 1651 928 Series
1674 868 1807 927 morbo-

403 968 474 1011 mm
498 967 574 1012 cum
598 956 668 1011 suis
692 951 949 1013 medicamentis,

507 1041 542 1098 A.
572 1042 652 1097 1609
676 1043 769 1096 codex
793 1049 852 1097 erat
876 1043 946 1099 bibl.
978 1043 1219 1113 Rosenbergicae,
1255 1044 1360 1098 deinde
1393 1043 1564 1098 monasterii
1595 1042 1806 1099 l'lebonensis.

507 1207 589 1288 228
1022 1210 1052 1285 l.
1081 1210 1123 1284 E.
1151 1211 1213 1284 43.

403 1349 512 1409 chart.
536 1351 566 1408 el
587 1351 778 1411 membran.
801 1368 887 1412 saec.
911 1349 1034 1432 JWff.
1056 1350 1124 1413 385
1143 1368 1248 1424 terrm„
1269 1349 1415 1411 22><15
1434 1368 1497 1412 cm.
1521 1351 1554 1413 d.
1570 1371 1615 1413 m.
1639 1348 1678 1411 In
1682 1347 1805 1428 sroale

400 1437 512 1514 super.
536 1437 685 1516 operculi
707 1438 849 1516 legitur:
871 1435 1036 1514 „Postilla
1050 1435 1188 1515 fratris
1214 1435 1350 1498 latter

505 1555 566 1618 Hic
601 1559 708 1620 codex
742 1558 907 1619 evidenter
939 1576 960 1617 a
994 1559 1066 1619 solo
1099 1559 1231 1636 ligatore
1269 1564 1390 1618 temere
1412 1559 1678 1637 conglomeratus
1700 1563 1803 1620 conti-

401 1650 457 1702 net
479 1648 650 1722 praecipue
673 1645 876 1705 diversorum
900 1644 1030 1706 diversi
1052 1649 1123 1706 aevi
1147 1649 1316 1705 auctorum
1340 1644 1537 1719 Sermones,
1572 1661 1711 1724 quorum
1734 1662 1802 1706 ma·

401 1734 490 1790 xima
512 1747 589 1808 pars
612 1736 771 1809 permixto
794 1736 918 1809 passim
942 1738 1033 1794 textu
1056 1733 1154 1792 latino
1177 1747 1252 1790 cum
1266 1731 1439 1793 bohemico
1462 1725 1609 1807 (Kazam'
1629 1731 1803 1794 latinsllo·

402 1809 523 1894 ceslii)
547 1818 756 1878 solummodo
780 1835 864 1897 quae
887 1818 1039 1879 dicuntur
1061 1818 1267 1879 Prothemata
1306 1825 1392 1890 sunt,
1427 1823 1552 1880 incuria
1574 1825 1606 1880 et
1628 1825 1802 1880 auctorum

400 1909 433 1963 et
456 1904 633 1964 semborum
666 1923 742 1965 vera
776 1911 923 1965 monstra
957 1908 1217 1983 manuscriptica.
1263 1903 1367 1965 Cuius
1390 1907 1590 1967 collectionis
1625 1906 1802 1984 particulae

401 1993 505 2065 magis
528 1995 727 2069 conspicuae
751 1991 812 2050 hae
837 1997 929 2052 sunt:

508 2075 529 2136 i.
558 2076 887 2155 12-101Exposmo
911 2077 1073 2156 quaedam
1098 2078 1238 2155 symboli
1261 2081 1350 2138 initio
1375 2080 1495 2138 mutila.

508 2161 528 2222 l.
557 2163 633 2223 183Ιι
656 2162 714 2224 »Et
730 2169 777 2224 sic
800 2172 851 2224 est
873 2163 948 2224 finis
972 2167 1063 2241 primi
1087 2165 1216 2243 capituli
1239 2162 1347 2228 Ysaie.
1371 2164 1460 2243 quod
1484 2165 1663 2242 predicavit
1675 2182 1739 2224 rev.
1752 2169 1803 2224 vir

399 2264 488 2324 mag.
511 2247 700 2311 Mauricius
721 2266 820 2311 sacre
849 2250 1023 2328 theologie
1052 2250 1234 2327 professor
1267 2250 1303 2311 in
1337 2250 1448 2329 Praga
1480 2252 1523 2311 ad
1558 2249 1592 2310 S.
1628 2249 1800 2313 Crucem«.

400 2333 479 2394 ‹Seu
503 2340 574 2396 eius
598 2342 761 2399 sermonis
786 2338 893 2397 solum
917 2337 1136 2414 fragmentum
1165 2343 1340 2415 superest).

508 2422 528 2482 i.
552 2421 757 2483 356⁸-371b
781 2423 859 2484 Pars
882 2425 1133 2485 membranacea
1156 2440 1346 2485 sermonum
1370 2429 1503 2485 exarata
1525 2428 1593 2485 init.
1610 2440 1698 2484 saec.
1716 2422 1800 2484 xlv,

503 2528 541 2583 Ut
564 2535 635 2585 nota
656 2533 686 2585 in
710 2531 848 2602 operculo
871 2547 968 2602 super.
992 2533 1185 2598 domonstrat,
1220 2533 1313 2586 codex
1347 2532 1472 2601 primum
1496 2531 1667 2586 monasterii
1690 2529 1803 2586 T‘rebo·

401 2616 511 2685 nensis,
535 2617 602 2671 dein
626 2617 696 2672 bibl.
721 2616 961 2688 Rosenbergicae,
986 2625 1133 2688 postremo
1156 2621 1260 2673 iterum
1284 2619 1453 2674 monasterii
1475 2617 1598 2690 praelati
1621 2617 1684 2674 fuit.

504 2800 584 2883 229
1014 2803 1043 2878 I.
1071 2803 1113 2878 E.
1141 2804 1201 2878 44.

398 2939 507 3001 citari.
531 2959 564 3003 a.
589 2942 676 3005 1435
684 2942 731 3024 ff.
756 2943 831 3018 223,
853 2945 893 3006 21
908 2943 995 3004 ><14
1021 2961 1085 3006 cm.
1109 2945 1126 3006 l
1151 2963 1195 3005 m.

512 3063 822 3126 »Orationarium‹.
846 3064 1088 3138 (Meditationes
1113 3066 1153 3125 de
1177 3070 1243 3126 vita
1266 3065 1385 3126 l'bristi
1409 3082 1484 3126 cum
1508 3066 1733 3137 orationibus).

507 3151 527 3212 l.
556 3153 588 3211 1ι
612 3154 739 3223 (initium
763 3158 877 3224 deestz)
902 3156 1068 3212 »intimare
1100 3153 1233 3213 curabo.
1279 3151 1400 3213 Verum
1424 3156 1500 3230 quia
1534 3152 1635 3212 leccio
1663 3157 1800 3214 sanetis-

399 3242 481 3298 sime
504 3243 567 3298 vite
591 3243 662 3297 eius
686 3243 718 3298 in
742 3241 936 3316 evangeliis«
958 3287 963 3297 .
984 3287 1014 3299 ..
1040 3238 1060 3298 l.
1085 3239 1165 3298 223Ι
1193 3238 1350 3318 »Explicit
1365 3242 1602 3299 oracionarium
1625 3243 1657 3299 in
1681 3243 1746 3299 vita
1767 3241 1799 3299 d.

400 3344 431 3385 n.
455 3323 534 3384 Jesu
558 3323 677 3387 Christi
701 3325 763 3384 sub
787 3343 815 3384 a.
841 3326 871 3386 d.
899 3323 980 3386 1435
1005 3326 1060 3385 ier.
1085 3324 1109 3385 ll
1134 3330 1281 3403 proxima
1305 3333 1380 3403 post
1402 3323 1568 3385 Trinitatis
1604 3330 1635 3387 in
1667 3325 1795 3405 On'yn·

400 3416 613 3479 (monasterio
637 3410 831 3489 Ojbinensi).

504 3500 655 3571 Operculis
681 3503 808 3570 adligata
830 3511 899 3557 sunt
924 3503 941 3556 3
966 3503 995 3558 il.
1020 3505 1190 3568 membran,
1223 3501 1252 3557 in
1277 3502 1384 3572 quibus
1407 3508 1565 3556 occurrunt
1591 3509 1678 3556 notae
1702 3503 1800 3556 calen-

401 3589 640 3658 dariograpliicae
663 3589 835 3658 incipientes
852 3591 889 3643 ab
913 3605 938 3643 a.
967 3589 1058 3646 1455.
1083 3589 1261 3644 Intrinsecus
1285 3589 1415 3658 operculi
1438 3589 1519 3646 inser.
1545 3589 1617 3643 haec
1637 3597 1706 3643 nota
1723 3597 1799 3644 atra·

399 3683 497 3730 mento
521 3675 612 3731 oblita
636 3682 762 3730 attamen
786 3676 957 3746 perspicua:
987 3675 1087 3730 »Liber
1109 3675 1311 3730 oracionarius
1334 3675 1453 3730 Martini
1484 3676 1520 3729 de
1555 3674 1697 3730 Trziebon
1733 3686 1799 3746 post

399 3767 520 3816 mortem
551 3762 690 3831 religioso
720 3763 782 3816 viro
814 3765 842 3817 d.
873 3761 996 3818 Nicolao
1026 3763 1115 3833 priori
1147 3763 1257 3817 ordinis
1288 3779 1312 3818 s,
1345 3764 1421 3830 Aug.
1446 3765 1476 3816 in
1500 3761 1642 3817 Trziebon
1666 3763 1795 3832 legatur«

399 3857 453 3903 etc.
478 3856 533 3906 etc.
557 3849 593 3903 Α.
622 3849 701 3903 1609
726 3851 819 3904 codex
843 3849 913 3906 bibl.
938 3849 1180 3918 Rosenbergicae‚
1205 3851 1272 3903 dein
1295 3851 1398 3903 iterum
1424 3865 1503 3906 mon.
1527 3847 1652 3905 'l'lebon
1678 3851 1739 3905 fuit

503 4034 586 4116 23⁰
1016 4035 1046 4112 I.
1072 4034 1115 4110 E.
1143 4035 1204 4110 45.

399 4176 507 4236 citari.
530 4193 617 4236 saec.
641 4171 709 4235 XV
724 4176 763 4257 ff.
786 4175 862 4249 264,
882 4175 969 4236 22)(
986 4176 1059 4237 155
1079 4193 1141 4238 cm.
1164 4176 1183 4237 1
1208 4195 1253 4237 m.

502 4300 536 4356 In
560 4299 609 4357 lol.
634 4316 694 4355 non
718 4316 830 4358 numer.
854 4301 1002 4372 praecedit
1028 4301 1209 4371 »Registrum
1240 4301 1430 4372 epistolarum
1454 4308 1482 4356 et
1505 4303 1732 4372 ewangeliorum
1759 4305 1795 4357 de

399 4389 510 4442 sanctis
533 4403 583 4458 per
606 4387 748 4443 circulum
772 4388 860 4444 anni«
887 4389 945 4443 alia
968 4405 1056 4443 manu
1081 4394 1241 4444 exaratum.

398 4487 485 4566 Mag.
507 4487 681 4550 lobannis
703 4487 779 4550 lius
802 4487 946 4549 Postilla
969 4505 1075 4566 super
1097 4487 1288 4562 ewangelio
1324 4493 1358 4550 et
1381 4479 1549 4564 epistolas
1585 4488 1627 4550 de
1663 4490 1796 4552 sanctis

744 4592 824 4637 cum
846 4576 976 4654 glossis
999 4578 1134 4637 bohem.
1160 4573 1451 4637 interlinearibus.

503 4678 522 4740 l.
551 4681 562 4738 1
594 4676 684 4739 »Non
708 4685 759 4739 est
782 4681 854 4740 talis
878 4681 990 4740 mulier
1021 4697 1122 4757 supra
1144 4686 1279 4740 temam«
1308 4681 1338 4734 Χ
1370 4678 1390 4739 i.
1415 4677 1495 4738 256²
1530 4685 1581 4750 (ad
1616 4685 1726 4738 calcem
1751 4699 1799 4738 ru-

398 4771 511 4834 briem)
537 4765 693 4843 »Explicit
716 4768 845 4844 postilla
867 4771 1010 4845 magistri
1046 4765 1117 4827 Hus
1153 4783 1252 4844 super
1281 4767 1461 4844 euangelia
1495 4771 1527 4825 et
1565 4769 1722 4843 epistolas
1757 4767 1797 4826 de

399 4857 541 4912 sanctis«
577 4850 718 4923 (Nomen
741 4858 884 4913 auctoris
908 4871 1038 4914 erasum
1063 4853 1122 4913 sed
1147 4869 1356 4931 nequaquam
1380 4856 1515 4912 omnino
1549 4853 1691 4914 deletum
1723 4861 1798 4924 est).

507 4939 527 5000 l.
551 4939 723 5000 258-264
746 4940 862 5000 Sermo
885 4941 925 5000 de
950 4957 996 5000 ss.
1021 4941 1113 5000 Petro
1136 4947 1168 5000 et
1192 4939 1290 4999 Paulo
1313 4943 1359 5011 (in
1383 4938 1448 5000 fine
1464 4943 1604 5018 graviter
1629 4941 1798 5018 repreben-

399 5026 482 5086 dens
505 5043 624 5105 papam
648 5031 680 5086 et
702 5028 846 5095 clerum).
883 5027 941 5088 »Et
964 5032 1011 5088 sic
1035 5035 1086 5087 est
1108 5026 1184 5087 linis
1207 5027 1305 5085 buius
1330 5030 1579 5104 prestantissimi
1604 5031 1795 5088 sermonis«

1081 5251 1116 5300 90
