4046 5972
1609 583 1643 635 lx

242 809 464 874 agnoscemus
484 789 628 876 'pristini
657 795 813 858 thesauri
840 795 1009 858 librorum
1040 798 1384 879 manuscriptorum,
1416 797 1539 877 quibus
1561 793 1643 856 olim

240 897 473 962 universitatis
494 897 635 979 collegia
654 899 906 980 gloriabantur,
929 902 1093 978 quartam
1115 903 1244 964 tantum
1261 903 1397 983 partem
1418 903 1597 982 superesse.

345 1003 388 1064 At
410 1001 567 1066 damnum
591 1005 654 1065 hoc
669 1007 744 1082 quis
760 1004 857 1066 nobis
876 1003 1000 1066 intulit?
1023 1005 1134 1068 Patres
1153 1003 1187 1068 S.
1196 989 1229 1072 'J.
1253 1011 1285 1067 in
1301 1009 1463 1085 propriam
1487 1003 1643 1066 librorum

242 1107 473 1188 supellectilem
497 1113 563 1170 tam
586 1108 798 1170 vehementer
819 1111 990 1182 saeviisse,
1014 1114 1051 1171 ut
1073 1115 1120 1170 tot
1149 1109 1282 1170 codices
1314 1123 1415 1169 manu
1446 1111 1555 1186 scripti
1589 1107 1644 1166 de·

243 1215 401 1292 perierint,
425 1228 487 1274 nec
509 1216 632 1274 ratione
655 1228 716 1274 nec
739 1212 947 1274 documentis
979 1213 1150 1291 probatur;
1185 1221 1298 1275 contra
1327 1216 1423 1274 certis
1454 1211 1643 1273 auctoribus

243 1319 463 1394 comperimus
498 1332 558 1378 eos
591 1332 722 1378 summa
755 1331 831 1378 cum
864 1317 1031 1395 voluptate
1066 1319 1293 1378 combussisse
1327 1316 1510 1377 haereticos
1545 1315 1644 1376 libros

243 1421 377 1494 ahenos,
401 1423 434 1482 in
457 1423 593 1500 propriis
616 1427 726 1482 autem
750 1419 928 1482 eorundem
961 1423 1202 1499 exemplaribus
1232 1417 1446 1482 asservandis
1476 1435 1643 1480 summam

243 1539 355 1586 curam
385 1523 585 1585 adhibuisse.
630 1522 672 1586 Et
703 1522 848 1602 protecto
884 1539 926 1586 ex
960 1541 1073 1586 eorum
1108 1527 1254 1604 ipsorum
1290 1523 1492 1586 bibliothecis
1527 1527 1642 1583 mirum

244 1631 366 1708 quanta
399 1631 494 1707 copia
525 1644 660 1708 operum
694 1626 824 1701 Wicliii,
858 1627 973 1702 Hussi‚
1007 1627 1161 1690 Jacobelli
1193 1629 1238 1690 ad
1271 1644 1334 1690 nos
1369 1625 1530 1706 pervenit!
1577 1623 1644 1688 Sed

244 1735 367 1811 priores
390 1731 655 1794 bibliothecarum
690 1748 905 1810 possessores
929 1738 961 1794 et
983 1737 1210 1811 procuratores
1233 1748 1333 1811 quam
1363 1735 1452 1811 parvi
1486 1733 1645 1791 aestima·

244 1839 347 1898 verint
369 1835 468 1896 libros
491 1851 591 1897 manu
614 1839 764 1916 scriptos,
799 1837 907 1897 multis
939 1840 1132 1898 testimoniis
1166 1833 1385 1900 confirmatur.
1431 1834 1501 1896 lam
1525 1832 1644 1894 Rudni-

244 1942 335 2000 censi
358 1939 517 2016 catalogo,
541 1942 595 2018 qui
618 1938 661 1999 ad
684 1938 823 2000 duorum
856 1943 981 2002 tantum
1012 1941 1222 2018 collegiorum
1256 1939 1468 2001 bibliothecas
1506 1941 1643 2015 spectat,

245 2043 422 2106 edocemur
444 2047 530 2104 circa
551 2060 580 2105 a.
609 2042 683 2105 1461
724 2043 844 2104 multos
879 2043 979 2104 libros
1013 2044 1208 2122 deperiisse;
1243 2059 1342 2122 quam
1380 2043 1465 2103 male
1499 2043 1645 2120 magistri

245 2149 306 2226 ipsi
329 2145 503 2208 thesauros
525 2147 693 2207 litterarios
716 2149 908 2218 curaverint,
933 2147 984 2206 his
1008 2147 1167 2224 exemplis
1191 2146 1359 2224 detegitur.
1396 2143 1480 2208 Cum
1504 2163 1534 2207 a.
1563 2143 1645 2206 1434

246 2265 384 2312 necesse
408 2255 485 2323 erat,
508 2255 545 2310 ut
566 2249 690 2328 collegii
714 2247 855 2311 Carolini
879 2250 1075 2310 bibliotheca
1097 2250 1206 2311 denuo
1230 2250 1441 2320 ordinaretur,
1473 2249 1646 2310 studiosus

246 2354 378 2434 quidam
401 2351 517 2416 Simon
539 2348 761 2424 Mocidlensis
785 2356 840 2432 qui
864 2357 1124 2432 sequentianno
1148 2355 1317 2416 baccalarii
1340 2353 1479 2432 gradum
1504 2352 1646 2433 adeptus

247 2465 307 2531 est,
330 2457 475 2520 laborem
498 2457 586 2518 hunc
610 2459 708 2518 subiit
729 2463 762 2518 et
786 2463 881 2536 »post
905 2459 1013 2537 plures
1037 2463 1257 2537 septimanas«
1285 2458 1427 2538 perfecit.
1462 2457 1558 2519 Fisco
1582 2471 1646 2516 suo

247 2567 419 2643 parcentes
442 2565 586 2640 magistri
625 2567 719 2624 »tunc
743 2569 935 2640 praesentes
958 2567 991 2624 in
1014 2563 1169 2642 collegio«
1204 2564 1245 2624 illi
1269 2563 1419 2625 studioso
1454 2579 1512 2641 pro
1544 2563 1646 2640 pretio

247 2665 394 2727 codicem
421 2663 503 2727 1826
525 2665 700 2744 (Alphonsi
723 2669 808 2744 regis
832 2667 960 2728 tabulas
983 2673 1016 2728 et
1037 2668 1098 2728 alia
1121 2669 1281 2746 opuscula
1302 2670 1523 2728 astronomica
1545 2668 1646 2726 conti·

247 2773 392 2843 nentem)
418 2785 543 2849 »usque
566 2770 608 2832 ad
632 2769 703 2830 dies
736 2773 840 2832 vitae«
877 2771 1047 2845 dederunt,
1083 2775 1172 2833 utin
1206 2772 1359 2850 operculo
1394 2769 1543 2831 eiusdem
1578 2771 1646 2830 libri

247 2879 438 2936 annotatum
462 2880 522 2936 est.
545 2871 675 2936 Mortuo
698 2890 776 2935 mox
800 2872 935 2935 Simone
960 2878 1104 2952 contigit,
1128 2879 1163 2935 ut
1186 2875 1292 2936 codex
1308 2872 1522 2936 bibliothecae
1547 2871 1647 2934 Caro·

247 2979 330 3042 linae
364 2981 593 3041 restitueretur.
638 2976 782 3040 Fortuna
816 2983 881 3040 tam
917 2995 1074 3057 prospera
1108 2995 1174 3040 non
1208 2982 1358 3056 gavisum
1393 2982 1445 3037 est
1475 2979 1646 3055 collegium

251 3080 448 3156 »Nationis«,
472 3085 567 3144 cuius
590 3082 803 3144 directoribus
825 3083 1046 3144 annuentibus
1062 3099 1090 3144 a.
1120 3082 1202 3144 1449
1221 3081 1375 3144 Matthias
1399 3082 1440 3142 de
1463 3077 1646 3154 Jehntdno,

248 3167 375 3249 Skome
404 3189 665 3264 cognominatus
704 3185 763 3247 »de
793 3186 919 3247 libraria
943 3185 1063 3246 domus
1093 3183 1242 3246 Nationis
1276 3185 1519 3247 Bohemorum‹
1557 3200 1648 3262 prae·

248 3292 370 3352 clarum
393 3292 541 3353 codicem
563 3289 782 3369 Vergilianum
807 3308 894 3352 saec.
928 3288 981 3362 IX,
1013 3295 1067 3369 qui
1101 3307 1189 3352 nunc
1223 3295 1255 3352 in
1290 3291 1485 3351 bibliotheca
1518 3289 1649 3367 capituli

248 3395 485 3474 metropolitani
530 3395 702 3474 Pragensis
740 3388 982 3468 asservatur¹⁵),
1024 3411 1101 3473 »pro
1139 3395 1208 3456 aliis
1252 3395 1382 3456 duobus
1426 3391 1648 3454 voluminibus

248 3498 387 3560 eandem
411 3503 579 3562 materiam
613 3501 855 3561 continentibus
879 3497 921 3559 ad
945 3503 1093 3576 tempora
1115 3501 1200 3558 vitae
1231 3514 1311 3559 suae
1342 3501 1494 3560 exemit·.
1541 3495 1649 3556 Huius

248 3603 371 3682 collegii
395 3603 625 3666 bibliothecarii
648 3609 714 3665 tam
738 3603 947 3681 neglegenter
970 3617 1104 3662 munere
1129 3617 1192 3662 suo
1215 3599 1443 3679 iungebantur,
1478 3605 1515 3661 ut
1538 3617 1579 3660 ne
1603 3603 1649 3660 in·

249 3711 437 3786 scripserint
458 3708 590 3787 quidem
613 3708 728 3769 librum
753 3709 1027 3786 pretiosissimum
1051 3706 1200 3783 catalogo
1225 3704 1432 3766 Rudnicensl.
1456 3701 1523 3766 Sed
1548 3703 1650 3765 multo

249 3815 367 3874 tristior
389 3817 457 3872 erat
479 3828 553 3872 sors
574 3819 720 3874 veterum
744 3812 895 3872 codicum
920 3825 1007 3871 saec.
1031 3807 1115 3882 XVI,
1148 3826 1224 3870 cum
1247 3815 1314 3870 arte
1345 3809 1581 3888 typographica
1604 3811 1649 3868 in-

250 3917 474 3978 crebrescente
504 3915 572 3976 libri
606 3931 706 3978 manu
741 3919 850 3994 scripti
884 3915 1111 3976 abolescerent
1142 3921 1174 3974 et
1197 3913 1409 3974 doctissimus
1445 3915 1584 3992 quisque
1608 3913 1651 3972 ab

250 4023 289 4081 iis
311 4021 458 4096 legendis
482 4020 705 4082 deduceretur.
729 4019 784 4080 lllo
808 4025 954 4098 tempore
977 4024 1105 4078 veteres
1128 4017 1261 4078 codices
1292 4019 1437 4095 inprimis
1469 4019 1499 4090 ii,
1531 4017 1650 4095 quibus

251 4126 377 4186 mediae
401 4129 515 4187 aetatis
549 4131 700 4186 auctores
734 4121 993 4197 continebantur,
1032 4120 1280 4182 bibliothecariis
1315 4121 1443 4182 inutiles
1467 4125 1499 4180 et
1522 4119 1651 4181 molesti

250 4229 453 4304 videbantur,
478 4233 717 4291 renascentium
753 4233 862 4288 autern
886 4229 1061 4288 litterarum
1094 4227 1251 4287 studiosis
1288 4231 1417 4304 propter
1450 4229 1650 4303 incomptam

253 4335 439 4396 latinitatem
478 4335 684 4395 stomachum
723 4332 908 4394 movebant.
954 4329 1095 4392 Horrore
1133 4337 1218 4392 certe
1256 4329 1466 4408 pertunditur,
1502 4331 1652 4408 quisquis

252 4444 351 4517 caput
373 4438 449 4500 illud
484 4439 551 4500 libri
582 4429 818 4512 Winteriani¹⁶)
852 4437 993 4515 perlegit,
1029 4451 1095 4514 quo
1130 4434 1170 4495 de
1205 4435 1413 4512 collegiorum
1449 4432 1653 4494 bibliothecis

253 4559 341 4606 saec.
363 4541 437 4605 XVI
459 4549 491 4604 et
512 4541 598 4606 XVll
622 4541 800 4604 disseritur.
832 4539 978 4619 Magistri
1012 4543 1097 4600 enim
1133 4543 1193 4617 ipsi
1228 4545 1359 4599 auctore
1389 4536 1539 4598 Wintero
1574 4542 1652 4598 tunc

252 4647 385 4708 codices
408 4648 679 4709 membranaceos
702 4653 734 4707 et
760 4647 877 4706 »libros
901 4645 1084 4723 illegibiles‹
1115 4645 1306 4721 bibliopegis
1330 4642 1551 4704 dissecandos
1574 4657 1654 4702 ven·

253 4751 383 4824 debant,
407 4752 620 4813 bibliothecae
643 4753 930 4829 neglegentissime
954 4748 1272 4822 administrabantur,
1297 4750 1374 4826 quin
1399 4749 1496 4806 etiarn
1521 4763 1550 4806 a.
1571 4743 1653 4806 1603

253 4889 461 4900 ——-

362 4937 399 5022 ¹⁵)
423 4943 465 5004 Ct.
489 4945 515 5002 J.
537 4945 630 5016 Kella,
652 4945 824 5002 Klassische
846 4943 1072 5000 Handschriiten
1096 4947 1125 4998 ln
1148 4942 1252 5012 Prager
1273 4939 1486 5010 Bibliotheken,
1512 4957 1541 5011 p.
1566 4940 1596 4998 7.

363 5041 401 5123 ¹⁶)
423 5049 454 5110 Z.
478 5049 602 5119 Winter,
625 5034 710 5107 Zivot
732 5066 771 5105 na
793 5043 960 5117 universiti,
985 5065 1014 5120 p.
1040 5045 1222 5104 atu-385.
