4046 5972
1576 537 1624 590 XV

219 749 372 831 Decalogl
394 749 463 818 loa.
488 749 643 829 Vicleph‹
669 749 732 816 hoc
756 747 839 812 falso
861 751 951 814 titulo
967 753 1133 816 instruxit:
1161 749 1291 814 »Jacobi
1307 750 1348 812 de
1365 749 1451 812 Misa
1467 747 1625 811 Defensio

217 857 285 920 libri
308 856 510 934 dialogorum
533 854 602 918 loa.
626 851 817 931 Wiclephi.‹
844 852 929 933 Quin
953 857 1049 916 etiam
1073 857 1105 916 in
1128 854 1241 918 codice
1262 852 1343 918 1805
1366 853 1418 927 (X.
1439 854 1476 916 A.
1495 852 1527 928 2,
1543 859 1619 918 ante

217 957 254 1024 Y.
278 959 311 1026 ll.
335 959 365 1026 4.
390 977 420 1021 n.
445 957 489 1036 2.)
527 958 713 1024 »albertum
737 955 838 1020 filium
862 956 1056 1022 Rokizanls‹
1084 957 1121 1034 (l)
1145 961 1274 1028 invenit,
1310 973 1512 1038 quamquam
1536 961 1617 1022 anti·

218 1080 304 1144 quus
321 1063 491 1142 catalogus
509 1067 594 1126 recte
610 1064 700 1140 ponit
719 1059 933 1126 ³Ranconis«.
952 1060 1040 1126 Licet
1055 1067 1165 1126 autem
1183 1060 1467 1128 Zimmermannus
1484 1065 1623 1124 monstri

219 1168 400 1230 simillimus
423 1165 526 1230 iuisse
549 1165 705 1236 videatur,
728 1171 838 1230 tamen
862 1181 928 1230 non
945 1169 1052 1230 ausim
1076 1171 1122 1228 tot
1144 1171 1176 1228 et
1191 1172 1352 1230 tantarum
1370 1166 1620 1238 mutilationum,

220 1263 304 1351 quae
329 1275 361 1333 in
384 1269 554 1334 codicibus
577 1271 698 1330 nostris
721 1273 904 1342 occurrunt,
928 1285 1003 1334 eum
1026 1271 1223 1341 insimulare,
1255 1275 1458 1349 quantopere
1484 1267 1623 1330 Hanslik

220 1375 252 1456 (l.
276 1391 303 1438 c.
332 1375 404 1454 123)
437 1375 645 1447 insimulavit,
668 1389 743 1434 cum
766 1373 845 1440 milri
868 1377 1085 1452 persuaserim
1118 1374 1303 1452 complures
1327 1373 1459 1436 codices
1476 1378 1622 1451 tempora

220 1479 322 1543 multo
345 1482 521 1544 vetustiore
544 1483 577 1538 et
598 1481 723 1556 passim
747 1493 787 1542 eo
811 1478 947 1542 consilio
970 1479 1136 1540 mutilatos
1161 1493 1248 1551 esse,
1270 1483 1308 1540 ut
1329 1477 1483 1556 incogniti
1500 1495 1520 1539 a
1537 1475 1624 1538 iuro-

221 1585 310 1650 ribus
332 1581 581 1648 vindicarentur.
614 1578 681 1644 Sed
704 1587 870 1660 utcunque
894 1597 931 1644 se
954 1597 1006 1642 res
1030 1581 1136 1650 habet,
1160 1581 1192 1642 id
1216 1587 1338 1650 certum
1362 1586 1423 1655 est,
1457 1585 1484 1642 si
1508 1579 1624 1644 Scher-

220 1689 358 1750 schnilrii
374 1687 557 1765 catalogum
573 1689 824 1763 comparaveris,
849 1684 1148 1750 Zimmermannum
1164 1689 1197 1746 in
1213 1685 1438 1750 describendis
1454 1684 1624 1746 codicibus

220 1807 333 1871 parum
365 1789 554 1870 proiecisse,
589 1795 625 1849 ul
648 1805 729 1852 sane
752 1791 876 1852 mireris
899 1791 970 1852 eius
994 1789 1178 1866 catalogum
1202 1791 1275 1850 usui
1299 1795 1331 1850 et
1353 1787 1540 1850 officialium
1574 1788 1620 1849 bi-

220 1896 401 1958 bliothecae
425 1901 456 1955 et
478 1898 620 1955 virorum
644 1893 853 1954 litteratorum
877 1895 1034 1970 tantisper
1056 1895 1244 1952 inservisse.

329 2051 480 2113 Attamen
503 2051 536 2111 hi
559 2052 694 2128 utrique,
718 2054 755 2108 ut
776 2047 827 2109 hic
851 2050 1019 2126 catalogus
1043 2048 1159 2109 saltem
1182 2065 1224 2109 ex
1239 2050 1347 2128 aliqua
1371 2054 1460 2126 parte
1484 2051 1623 2125 corrige-

221 2163 307 2219 retur
329 2161 361 2217 et
383 2155 595 2234 suppleretur,
619 2154 670 2214 alii
693 2155 783 2214 aliter
805 2152 1000 2231 procedente
1024 2158 1169 2231 ternpore
1200 2169 1333 2231 operam
1368 2152 1498 2214 dabant.
1538 2150 1624 2216 Cum

220 2265 284 2322 iam
307 2259 445 2322 Hanslik
468 2261 500 2318 in
523 2257 602 2318 libro
626 2273 688 2318 suo
712 2257 897 2334 complures
921 2258 1052 2317 codices
1076 2260 1285 2336 pretiosiores
1317 2256 1556 2335 descripsisset,
1578 2259 1626 2317 vir

221 2365 449 2427 celeberrimus
473 2361 506 2422 P.
529 2361 557 2422 J.
581 2339 717 2438 Salah'k,
742 2360 955 2422 bibliothecae
979 2358 1172 2440 praelectus
1197 2361 1357 2439 opuscula
1373 2361 1525 2422 codicum
1542 2359 1623 2421 mis·

220 2469 437 2530 cellaneorum
454 2465 590 2543 catalogi
606 2462 914 2525 Zimmermanniani
931 2463 1146 2526 exscribenda
1162 2470 1194 2524 et
1210 2463 1393 2526 secundum
1409 2464 1619 2544 alphabetum

220 2571 402 2634 ordinanda
435 2573 567 2640 curavit,
601 2571 656 2647 qui
679 2569 848 2648 catalogus
872 2567 1039 2628 schedulis
1062 2573 1237 2630 contextus
1260 2567 1369 2630 adhuc
1392 2574 1511 2629 exstat.
1558 2565 1622 2630 Cui

220 2678 384 2738 successit
408 2679 561 2735 strenuus
584 2676 633 2733 vir
654 2671 680 2732 J.
704 2667 831 2747 Hanus,
863 2675 917 2751 qui
941 2673 1118 2750 permultas
1140 2671 1283 2734 schedas
1315 2673 1529 2751 descriptivas
1553 2689 1624 2734 cor·

220 2785 301 2842 rexit
323 2785 355 2842 et
377 2780 547 2857 supplevit,
586 2781 617 2838 in
641 2777 811 2838 codicibus
834 2777 952 2851 latiniS,
987 2777 1076 2855 quod
1099 2778 1193 2837 valde
1217 2776 1395 2838 dolendum
1420 2781 1480 2848 est,
1515 2779 1624 2854 peiore

223 2901 306 2948 usus
330 2883 460 2946 fortuna
485 2897 584 2964 quam
607 2885 640 2946 in
664 2882 852 2945 bohemicis
899 2878 944 2944 Ut
966 2881 1007 2941 ad
1031 2886 1206 2942 extraneos
1241 2886 1415 2953 transeam,
1450 2881 1620 2940 clarissimi

219 2991 371 3054 historiae
403 2991 600 3050 scrutatores
625 2984 716 3050 Pertz
746 2990 778 3045 et
799 2983 1019 3046 Waltenbach
1049 2987 1113 3044 iarn
1144 3001 1173 3045 a.
1202 2983 1370 3046 1847-49
1403 2987 1436 3046 in
1459 2983 1580 3044 Archiv
1602 2982 1623 3044 i.

220 3094 272 3153 alt.
297 3091 455 3152 deutsche
478 3087 600 3151 Gesch.
623 3087 676 3159 IX,
700 3086 873 3149 469-472
897 3095 929 3148 et
951 3087 991 3161 X,
1015 3085 1189 3149 657-670
1211 3089 1345 3150 codices
1368 3093 1513 3162 nostroS,
1539 3103 1624 3166 quos

221 3197 263 3258 ad
286 3197 452 3257 historiam
489 3200 636 3272 spectare
660 3196 692 3254 in
716 3191 969 3255 Zimmermanni
1003 3193 1152 3268 catalogo
1188 3191 1400 3264 offenderant,
1439 3195 1624 3253 accuratius

222 3301 474 3378 descripserunt.
497 3297 565 3364 Sed
588 3303 620 3358 et
643 3301 836 3360 nostratium
860 3296 1042 3375 diligentiae
1066 3302 1098 3357 et
1113 3297 1225 3358 studio
1250 3297 1423 3378 plurimum
1450 3297 1622 3356 debemus

222 3403 278 3465 Vlr
300 3407 462 3465 maximae
486 3399 715 3464 industriae-C.
733 3400 846 3463 Hdller
867 3417 934 3462 non
959 3401 1066 3461 solum
1082 3404 1114 3462 ln
1138 3401 1292 3480 operibus
1316 3406 1386 3462 suis
1409 3399 1569 3479 (inprlmis
1593 3403 1625 3462 in

224 3507 442 3594 Scriptoribus
467 3524 525 3568 rer.
549 3507 652 3568 husis.
677 3512 709 3567 et
731 3509 763 3570 in
777 3503 930 3568 Conciliis
954 3505 1185 3584 Pragensibus)
1213 3507 1333 3568 multos
1357 3505 1490 3568 codices
1515 3520 1625 3568 excer-

224 3617 298 3692 psit,
323 3611 382 3672 sed
406 3611 504 3672 etiarn
527 3615 559 3672 in
582 3617 689 3671 vetere
713 3611 863 3688 catalogo
886 3613 959 3690 ipso
982 3610 1167 3688 complures
1191 3610 1301 3674 titulos
1324 3609 1527 3681 emendavit;
1559 3607 1627 3670 duo

224 3723 332 3782 autam
356 3717 408 3782 alli
431 3718 649 3780 universitatis
673 3715 846 3792 Pragensis
870 3713 1075 3793 professores
1107 3714 1298 3792 dignissimi,
1330 3713 1412 3776 Fn'd.
1437 3711 1571 3775 Schulte
1594 3717 1627 3772 et

223 3820 295 3884 Joh.
319 3819 418 3895 Kelie,
453 3819 585 3881 codices
620 3819 783 3899 quosdam
817 3825 950 3880 nostros
985 3819 1202 3897 singularibus
1237 3821 1479 3881 commentariis
1510 3833 1529 3877 a
1559 3833 1625 3895 reg.

225 3923 344 3987 Sociel.
368 3928 480 3985 scient.
505 3921 683 3984 Bohemica
706 3923 799 3984 editis
821 3926 1066 3986 accuratissime
1098 3923 1349 4001 descripserunt,
1388 3924 1470 3984 alter
1494 3922 1626 3986 codices

224 4029 267 4089 ad
290 4033 341 4090 ius
364 4028 559 4092 canonicum
583 4033 771 4106 spectantes
794 4025 890 4102 (»Die
914 4026 1180 4092 canonistischen
1203 4021 1458 4092 Handschriiten
1474 4031 1508 4089 in
1524 4027 1623 4104 prag«

225 4152 254 4196 a.
282 4133 386 4210 1868),
416 4132 496 4198 alter
524 4132 657 4196 codices
687 4136 880 4211 scriptorum
911 4136 982 4196 aevi
1012 4135 1134 4211 antiqui
1164 4129 1261 4205 (›Die
1285 4131 1491 4195 klassischen
1515 4129 1628 4194 Hand·

226 4238 376 4301 schrilten
408 4237 458 4300 bis
481 4236 599 4300 heraul
628 4253 705 4300 zum
738 4236 950 4297 vierzehnten
986 4234 1222 4296 Jahrhundert«
1248 4253 1276 4296 a.
1306 4234 1411 4304 1872).
1457 4235 1627 4296 Praeterea

226 4343 366 4405 eundem
389 4346 494 4403 virum
518 4341 746 4402 doctissimum
770 4340 797 4402 J.
822 4339 922 4416 Kelle,
952 4343 1047 4401 culus
1078 4339 1260 4418 diligentiae
1291 4340 1485 4400 bibliotheca
1515 4345 1628 4400 nostra

226 4451 322 4508 etiam
347 4447 473 4507 tabulas
496 4449 711 4506 vetustiorum
742 4446 893 4505 codicum
923 4448 1184 4523 germanicorum
1207 4448 1238 4510 ln
1263 4442 1407 4523 Serapeo
1429 4442 1490 4506 XX
1514 4441 1626 4520 (1859)

226 4557 379 4630 acceptas
402 4549 506 4624 refert,
529 4553 563 4611 in
586 4550 734 4613 eiusdem
759 4549 977 4628 ephemeridis
1001 4553 1099 4612 tomis
1122 4547 1315 4612 XX—XXll
1337 4553 1380 4624 (a.
1402 4545 1627 4626 1859-1881)

227 4656 412 4734 complures
435 4655 567 4716 codices
590 4654 718 4726 latinoS,
753 4653 873 4734 quibus
906 4657 1105 4732 interspersa
1127 4660 1205 4715 sunt
1238 4653 1399 4732 opuscula
1430 4655 1627 4731 germanica,

227 4763 418 4824 excussisse
442 4762 573 4823 minime
597 4759 827 4836 negligendum
852 4763 939 4836 puto.

335 4912 401 4978 Sed
424 4918 575 5000 quamvis
598 4918 687 4978 omni
710 4914 806 4978 laude
830 4914 918 4992 digni
931 4918 996 4978 sint
1006 4918 1073 4988 viri,
1087 4917 1143 4992 qui
1166 4913 1303 4992 singulis
1318 4913 1488 4976 codicibus
1506 4917 1629 4974 nostris

227 5023 411 5082 accuratius
446 5019 669 5080 describendis
703 5035 835 5097 operam
870 5019 1026 5092 dederint,
1065 5024 1174 5079 tamen
1208 5018 1251 5094 id,
1286 5017 1463 5096 quodiam
1490 5016 1629 5078 Hanslilr
