4004 5966
1016 516 1076 580 311

455 725 475 787 i.
505 721 706 787 137.,]40r
729 725 833 788 Alani
857 725 914 806 (ab
936 726 1083 805 insulis)
1107 725 1258 789 Carmen
1280 727 1324 788 de
1346 724 1488 787 furtum
1503 728 1559 799 (z
1569 741 1646 802 pars
1658 726 1750 786 Anti·

348 813 534 886 claudiani).
562 811 668 891 »Quid
691 813 821 874 lortuna
844 812 927 874 loret
949 820 981 874 et
1003 830 1066 892 que
1091 817 1133 874 sit
1155 817 1284 875 mansio
1308 816 1441 891 paucis«
1467 814 1500 868 ><
1527 811 1672 872 »Alanus
1707 812 1749 873 de

349 899 478 961 fortuna
500 897 570 959 finit
593 898 725 961 feliciter
746 919 775 960 a.
800 898 915 978 (1474)
943 899 983 961 10
1004 917 1072 977 apr.
1097 917 1154 978 per
1174 898 1409 961 venceslaum
1425 898 1467 960 de
1490 897 1698 960 Crunrlow«.

457 989 595 1045 Codieem
619 990 698 1045 hunc
720 1005 832 1045 recens.
856 990 946 1060 Voigt
968 993 998 1045 in
1021 991 1132 1045 Archiv
1154 990 1173 1048 l.
1198 992 1282 1047 oster.
1308 989 1414 1044 Gesch.
1431 987 1499 1043 XVI
1522 1004 1551 1058 p.
1569 989 1642 1046 332.
1660 987 1750 1060 Oper-

349 1076 423 1131 culis
448 1076 608 1146 adligatum
632 1082 677 1131 est
699 1077 833 1134 instmrn.
846 1077 928 1148 publ.
943 1079 1063 1134 membr.
1081 1077 1267 1132 bohemicum
1279 1077 1441 1147 incipiens:
1458 1074 1529 1145 »My
1543 1070 1600 1130 Jan
1613 1091 1629 1130 z
1644 1075 1749 1132 Ronm-

348 1164 438 1217 berka
460 1162 562 1234 prwnij
587 1163 727 1232 gistecz«,
751 1165 853 1219 datum
888 1163 968 1218 1465
994 1180 1042 1218 »w
1064 1169 1149 1234 utery
1171 1165 1230 1218 den
1254 1163 1385 1218 swateho
1409 1161 1535 1218 Girzie.«
1570 1161 1749 1216 Intrinsecus

348 1250 478 1320 operculi
501 1265 598 1321 super.
621 1258 779 1305 occurnrnt
801 1257 888 1305 notae
912 1251 992 1306 bona
1006 1249 1178 1307 venceslai
1194 1251 1232 1305 de
1247 1247 1407 1308 Crumlov
1422 1247 1550 1320 (postea
1560 1249 1599 1304 de
1611 1243 1750 1323 Rovnt),

349 1337 541 1406 protonotarii
564 1337 642 1394 dom.
667 1338 702 1391 de
725 1337 902 1408 Rosenberg,
926 1343 1102 1407 spectantes,
1136 1340 1172 1392 de
1195 1337 1303 1408 quibus
1326 1337 1363 1392 cl.
1386 1335 1482 1391 Tadra
1504 1337 1535 1390 in
1557 1332 1683 1390 Vdstnilr
1706 1336 1750 1391 kr.

349 1417 436 1477 desire
458 1423 534 1494 spol.
562 1423 642 1478 1890
666 1440 695 1494 p.
720 1422 792 1492 244,
815 1424 885 1478 item
908 1430 995 1478 nota:
1031 1423 1135 1478 »Hunc
1165 1424 1295 1479 libellum
1327 1423 1444 1493 scripsit
1478 1419 1678 1477 venceslaus
1711 1423 1749 1475 de

348 1508 470 1564 Rowne
504 1510 621 1580 propria
652 1525 707 1564 sua
741 1525 859 1566 manu«
898 1509 923 1564 A
955 1511 1052 1566 scriba
1082 1512 1177 1565 codex
1202 1511 1318 1580 legatus
1342 1524 1406 1565 esse
1431 1509 1548 1563 videtur
1570 1509 1750 1563 monasterio

349 1597 466 1650 cuidam
489 1593 683 1665 (Thebonensi
706 1602 757 1651 aut
780 1595 1004 1668 Borovanensi),
1028 1603 1061 1652 ut
1083 1599 1169 1652 docet
1199 1597 1347 1652 distichon
1382 1597 1420 1650 ad
1443 1595 1556 1650 calcem
1578 1595 1640 1650 iolii
1663 1609 1749 1666 prae·

348 1682 430 1752 ligati
455 1698 543 1737 manu
567 1684 669 1737 eadem
692 1683 882 1753 inscriptum:

662 1769 776 1824 Author
799 1775 965 1824 constructe
990 1772 1096 1825 domus
1119 1785 1156 1824 en
1179 1784 1224 1822 me
1247 1769 1325 1839 legat
1347 1768 1468 1824 amicis:

766 1854 870 1910 Grates
890 1872 969 1912 nunc
993 1857 1098 1925 habeo,
1122 1854 1299 1924 Vincesilae,
1323 1857 1397 1926 pias.

455 2021 511 2102 3ΙΙ
951 2022 981 2096 I.
1012 2023 1057 2098 G.
1084 2023 1145 2098 35.

352 2162 461 2223 chori.
486 2180 555 2224 cca.
579 2181 611 2223 a.
633 2161 720 2224 1419
733 2160 782 2241 ss.
806 2162 879 2236 181,
903 2163 943 2224 21
958 2162 1046 2224 ><14
1068 2181 1131 2225 cm.
1154 2164 1172 2225 1
1199 2181 1243 2225 m.

455 2283 475 2345 l.
503 2280 623 2343 1-361‘
660 2283 833 2361 Excerpta
873 2282 1068 2348 Rationalis
1103 2283 1319 2364 (divinorum
1352 2281 1550 2346 officiorum
1584 2281 1750 2345 Guilelmi

350 2369 518 2444 Durandi)
541 2370 582 2430 de
606 2369 686 2448 hiis,
708 2387 797 2448 quae
820 2369 908 2431 liunt
930 2371 967 2432 in
990 2371 1111 2434 missa.

454 2457 475 2518 f.
500 2454 683 2518 37⁸-108b
706 2457 807 2535 (Mag.
831 2457 981 2536 Aegidii)
1011 2457 1231 2520 Tractatulus
1262 2458 1305 2519 de
1335 2461 1557 2520 sacramento
1591 2457 1749 2534 corporis

351 2543 494 2605 domini.
520 2542 653 2604 »Venite
675 2545 838 2605 comedite
862 2562 981 2623 panem
1005 2562 1132 2605 meum«
1168 2546 1200 2601 ><
1238 2550 1342 2604 »reete
1376 2562 1397 2604 a
1430 2562 1482 2604 me
1518 2548 1639 2622 riteque
1673 2560 1750 2606 con-

351 2636 564 2777 gerlnpgrentur.
590 2631 706 2691 Amen.
730 2631 915 2709 Expliciunt
938 2648 1109 2692 sermones
1135 2635 1278 2708 magistri
1301 2631 1406 2709 Egidii
1423 2631 1463 2692 de
1480 2631 1608 2691 altaris«
1627 2635 1750 2704 (cetera

375 2735 423 2777 ee
482 2723 582 2790 sunt).

454 2803 475 2864 i.
503 2799 704 2864 lotii-133b
731 2801 923 2865 »Tractatus
946 2808 1006 2864 iste
1030 2805 1192 2865 hereticus
1215 2810 1266 2865 est
1289 2809 1377 2865 totus
1401 2809 1514 2864 contra
1544 2803 1658 2864 iratres
1682 2821 1750 2881 pre-

352 2891 513 2968 dicatores
536 2891 730 2968 compilatus
753 2894 785 2950 in
809 2890 1064 2952 detestacionem
1100 2891 1223 2952 ordinis
1257 2890 1405 2950 eiusdem
1441 2895 1473 2950 et
1507 2890 1751 2968 predicaciones

352 2993 488 3037 eorum.
508 3025 514 3037 .
533 2978 735 3054 reprobatus,
759 2976 845 3038 Ecce
868 2978 1018 3038 videntes
1041 2978 1229 3038 clamabunt
1251 2977 1349 3038 foris«
1380 2979 1416 3050 ><
1444 2981 1497 3037 »tu
1530 2982 1640 3037 autem
1675 2977 1750 3037 libe-

353 3067 429 3124 rasti
452 3067 595 3124 anlmam
620 3069 718 3124 tuam.
743 3063 881 3141 Explicit
902 3063 1122 3127 Tractatulus
1138 3063 1357 3142 depericulis
1374 3063 1653 3125 novissimorum
1666 3068 1752 3124 tem-

353 3167 478 3227 porum
500 3156 532 3210 et
554 3156 605 3211 est
627 3155 749 3212 contra
770 3150 882 3212 falsos
904 3151 1139 3227 predicatores
1162 3169 1191 3212 a.
1217 3151 1247 3212 d.
1274 3149 1386 3211 14411(
1423 3152 1562 3224 (Auctor
1591 3157 1644 3210 est
1667 3148 1749 3211 Gui-

352 3236 480 3297 lelmus
504 3238 546 3298 de
569 3236 602 3298 S.
626 3237 773 3309 Amore;
798 3239 994 3315 opusculum
1018 3237 1148 3316 Regulis
1171 3244 1234 3298 vet.
1259 3242 1291 3297 et
1313 3241 1390 3298 novi
1422 3242 1551 3298 testam.
1597 3235 1752 3298 Matthiae

354 3324 394 3383 de
418 3323 534 3384 Janow
558 3327 732 3396 insertum;
757 3325 808 3384 ed.
833 3322 1013 3386 Orthuinus
1036 3323 1304 3385 Gratius-Brown
1337 3323 1371 3393 ll,
1399 3324 1438 3386 18
1454 3328 1519 3402 sq.)

458 3410 479 3471 i.
507 3408 709 3471 ihil—lbib
733 3411 765 3473 S.
790 3411 978 3488 Augustini
1000 3410 1182 3473 Tractatus
1205 3413 1247 3473 de
1269 3409 1337 3471 lide
1362 3411 1406 3472 ad
1427 3410 1579 3471 Petrum.
1607 3409 1752 3488 »Episto-

353 3499 426 3567 lam‚
450 3496 494 3556 fili
518 3496 618 3572 Petre,
642 3502 696 3557 tue
719 3501 859 3558 caritatis
883 3503 1013 3575 accepi«
1042 3501 1073 3556 ><
1107 3499 1189 3559 »hoc
1214 3513 1346 3576 quoque
1378 3498 1418 3557 illi
1454 3498 1537 3558 deus
1562 3499 1745 3558 1·evelavit.‹

457 3584 477 3644 f.
506 3583 708 3646 1571-1811ι
733 3583 864 3662 »Incipit
887 3585 1014 3645 rubrica
1038 3583 1117 3645 Rabi
1154 3583 1317 3645 Samuelis
1353 3582 1526 3656 Israhelite‚
1562 3601 1620 3663 per
1653 3601 1751 3662 quem

354 3670 509 3748 probatur
530 3670 693 3731 adventus
717 3669 836 3732 Christi
859 3675 929 3732 sive
952 3670 1075 3731 Messie
1099 3672 1224 3732 dudum
1256 3675 1393 3749 preteriti
1426 3688 1483 3749 per
1516 3670 1604 3732 dicta
1634 3675 1752 3731 veteris

354 3761 433 3834 legis
456 3762 488 3817 et
510 3758 750 3835 prophetarum,
775 3775 838 3837 que
861 3757 954 3818 iudei
978 3762 1165 3836 recipiunt«
1198 3757 1385 3835 (Alphonsi
1416 3755 1660 3820 Bonihominis
1694 3757 1752 3818 Hi·

354 3843 456 3921 spani
477 3843 662 3906 translatio
683 3844 922 3907 altercationis
946 3845 1094 3906 duorum
1115 3845 1330 3907 iudaeorum
1353 3861 1398 3906 ex
1420 3844 1558 3906 arabico
1582 3861 1671 3921 mag.
1695 3843 1753 3906 Sa-

356 3930 481 3992 muelis
504 3930 709 4009 israelitae.)
734 3930 828 4009 Opus
851 3935 884 3992 in
907 3931 973 3992 line
997 3933 1190 3993 mutilatum.

457 4021 490 4075 In
513 4021 563 4076 fol.
586 4022 746 4092 praeligato
770 4023 868 4077 scriba
890 4022 994 4076 seriem
1018 4029 1222 4078 contentorum
1256 4021 1452 4092 consignavit.
1499 4019 1645 4091 Operculo
1670 4021 1751 4076 infer.

356 4107 515 4178 adligatum
538 4114 583 4162 est
605 4110 765 4165 membran.
790 4109 982 4178 fragmentum
1006 4110 1162 4164 cuiusdam
1196 4110 1262 4164 cod.
1297 4124 1376 4166 saec.
1411 4107 1479 4162 XIV
1501 4123 1613 4177 argum.
1637 4108 1754 4179 philos,

356 4195 386 4249 in
410 4210 468 4264 quo
492 4211 580 4250 manu
605 4210 683 4252 saec.
707 4193 762 4250 XV
797 4201 970 4252 annotatum
993 4201 1037 4250 est
1068 4197 1200 4250 codicem
1231 4211 1295 4250 esse
1326 4197 1495 4250 monasterii
1525 4195 1753 4252 Borovanensis.

356 4281 460 4336 Postea
483 4281 559 4336 idern
583 4283 613 4336 in
638 4282 707 4342 bibl,
731 4282 977 4352 Rosenbergicam
1004 4285 1129 4339 devenit.

459 4448 532 4528 312
961 4450 991 4525 Ι.
1021 4449 1067 4524 G.
1094 4451 1157 4524 36.

356 4593 465 4652 chart.
488 4607 576 4651 saec.
601 4587 798 4650 XIV-XV
808 4587 857 4668 sf.
882 4589 936 4666 88,
958 4589 996 4651 21
1013 4590 1103 4652 ><15
1123 4608 1186 4652 cm.
1209 4590 1232 4651 2
1253 4608 1298 4652 m.

460 4711 481 4772 i.
509 4711 631 4772 1-762
653 4711 843 4789 (Johannis
864 4711 1114 4790 Marchesinii)
1136 4712 1434 4774 Mammotreetus.
1470 4710 1598 4771 »Frater
1621 4710 1757 4770 Ambro-

358 4803 446 4858 sius·
472 4803 594 4872 (cetera
616 4800 716 4859 verba
739 4799 870 4859 initialia
893 4801 1007 4859 evulsa
1030 4803 1122 4871 sunt)
1149 4805 1176 4855 ><
1205 4803 1313 4860 »utin
1349 4815 1388 4860 eo
1425 4799 1615 4858 substancia
1649 4797 1756 4857 divine

357 4892 389 4945 et
411 4887 554 4946 humane
578 4885 787 4948 confiteretur
809 4892 932 4946 nature.
957 4884 1096 4964 Explicit
1111 4891 1354 4947 nomotractus‹
1374 4889 1459 4959 (sic).
1484 4887 1518 4948 In
1535 4884 1638 4944 fronte
1655 4900 1756 4944 mem-

358 4972 478 5033 branae
502 4973 616 5033 librum
641 4977 858 5051 cooperientis
881 4974 933 5032 hic
958 4977 1069 5033 titulus
1093 4979 1161 5034 est:
1189 4971 1476 5032 »hlammetractus
1498 4970 1688 5032 Valentini«

1035 5197 1083 5247 1³6
