4046 5972
1010 533 1053 592 32

435 738 489 819 32
940 739 969 814 I.
996 740 1043 815 A.
1070 739 1131 814 24.

332 879 440 941 chart.
465 883 599 959 autogr.
623 895 708 940 suec.
733 877 858 940 XVIII
876 880 968 958 (unte
990 897 1024 940 a.
1048 881 1147 954 1751)
1166 878 1206 962 ff.
1229 879 1305 954 379,
1327 880 1373 941 35
1384 879 1479 958 ><22
1501 896 1566 940 crn.

439 999 745 1078 »Fragmentorum
775 999 981 1079 Sapientem
1014 1001 1110 1064 Tom.
1142 1001 1199 1062 llus
1233 999 1356 1060 M—Z«
1394 999 1540 1078 (auctore
1577 999 1735 1078 Joseplro

333 1089 479 1149 Ernesto
501 1083 685 1165 Barisien).

436 1194 519 1250 Tom.
542 1195 554 1250 l
577 1197 736 1250 eorundem
759 1194 999 1265 Fragmentomm
1021 1210 1058 1250 v:
1081 1193 1145 1249 VII.
1169 1194 1202 1250 B.
1226 1195 1256 1250 4.
1281 1192 1490 1264 Supplernenta
1512 1192 1626 1264 Fragm.
1651 1209 1688 1248 v.
1711 1192 1734 1247 Ι.

333 1281 370 1336 A.
398 1281 435 1335 16
459 1283 499 1352 (a,
524 1282 552 1349 b,
576 1281 605 1350 c)
636 1281 682 1335 Ab
706 1286 825 1336 auctore
855 1284 924 1337 don.
949 1299 975 1337 a.
1004 1282 1084 1336 1766
1117 1280 1187 1336 bibl.
1218 1280 1335 1350 collegii
1358 1278 1389 1334 S.
1413 1278 1439 1335 J.
1464 1283 1501 1336 ad
1525 1279 1555 1338 S.
1578 1280 1734 1350 ignatium.

438 1447 494 1528 33
936 1448 966 1523 I.
993 1448 1039 1522 A.
1067 1448 1129 1525 25.

336 1588 443 1649 chart.
468 1592 603 1669 autogr.
627 1606 660 1649 u.
684 1589 773 1651 1735
780 1587 827 1670 ff.
848 1588 923 1662 370,
945 1589 990 1650 33
1002 1588 1041 1666 ><
1054 1587 1094 1650 21
1119 1605 1181 1649 cm.

443 1709 776 1787 »Haeresiographia
809 1727 869 1771 seu
894 1709 1107 1787 Consignatio
1137 1709 1331 1782 Haeresum,
1363 1726 1446 1786 quae
1482 1728 1502 1769 a
1535 1713 1735 1787 reparatione

335 1797 447 1856 mundi
471 1796 513 1856 ad
536 1803 648 1857 nostra
678 1813 784 1874 usque
817 1805 963 1875 tempora
986 1801 1255 1857 insurrexerunt.
1291 1841 1297 1854 .
1334 1796 1495 1857 ,collecta
1518 1803 1549 1856 et
1571 1796 1614 1855 ad
1636 1813 1734 1856 usurn

335 1887 499 1960 proprium
529 1889 722 1961 consignata
752 1901 772 1943 a
795 1884 827 1944 P.
851 1883 877 1944 1.
901 1883 938 1944 E.
963 1883 998 1944 B.
1030 1883 1200 1963 (Iosepho
1230 1881 1381 1944 Ernesto
1410 1879 1592 1960 Barisien).
1621 1881 1731 1943 1735«

437 1988 482 2043 Ex
504 1990 704 2044 munificentia
735 1988 772 2044 V.
796 1990 829 2046 D.
854 1989 917 2046 Jos.
940 1989 1082 2058 Barisien‚
1116 1992 1278 2061 presbyteri
1301 1991 1406 2046 eccles.
1431 1990 1599 2045 benemeriti
1631 1990 1737 2044 biblio-

336 2075 457 2130 thecarii
481 2075 515 2131 C.
540 2076 569 2132 P.
594 2077 806 2148 archiepiscopi
830 2076 954 2148 collegio
978 2076 1009 2131 S.
1033 2076 1058 2133 1.
1083 2076 1242 2147 Neo-Prag.
1266 2078 1394 2131 donatus
1422 2078 1511 2132 1771.

440 2241 499 2322 34
526 2242 580 2321 35
936 2244 966 2320 I.
993 2243 1042 2321 A.
1069 2244 1130 2320 26.

339 2379 476 2445 Codices
498 2384 565 2444 duo
588 2383 696 2444 chart.
720 2401 752 2446 α.
776 2384 862 2446 1750
873 2384 919 2464 ff
941 2383 1079 2446 30a28
1100 2402 1205 2458 itum,
1225 2385 1270 2445 33
1283 2385 1375 2455 ><21
1400 2401 1464 2445 cm.
1489 2384 1519 2444 d.
1544 2401 1589 2444 m.

441 2506 510 2577 (Tit.
535 2508 601 2562 cod.
625 2507 675 2578 a):
699 2504 820 2566 Codex
850 2504 1143 2567 constitutionum
1172 2503 1434 2582 particularium
1464 2503 1598 2565 ordinis
1621 2503 1737 2566 Cruci-

337 2606 499 2665 gerorum
522 2606 602 2651 cum
625 2592 733 2653 rubeo
756 2592 860 2653 corde
884 2592 925 2653 de
949 2591 1169 2653 Poenitentia
1201 2590 1389 2653 Beatorum
1411 2589 1615 2670 Martyrum,
1640 2607 1737 2651 cano-

337 2680 484 2737 nieorum
515 2678 709 2754 regularium
740 2676 774 2739 S.
797 2677 918 2738 Mariae
942 2679 983 2737 de
1014 2677 1149 2738 Metride
1174 2675 1262 2738 Urbe
1286 2680 1349 2738 sub
1373 2679 1483 2756 regula
1506 2676 1539 2738 S.
1563 2679 1736 2755 Augustini

337 2761 467 2840 Pragae
489 2763 600 2824 veteri
622 2762 833 2826 Boemorum
848 2767 892 2825 ad
909 2763 1093 2825 ecelesiam
1109 2765 1142 2826 S.
1160 2764 1280 2826 Cruc1s
1295 2763 1439 2847 MaJoris
1455 2765 1641 2842 degentium
1666 2810 1673 2825 .
1698 2810 1705 2825 .
1730 2811 1736 2824 .

342 2849 432 2910 1750.
458 2849 572 2928 (blarru
595 2849 667 2911 Joh.
692 2849 764 2913 Car.
790 2850 883 2912 Rohn
907 2851 1085 2928 exaratus.)

440 2953 461 3014 1.
486 2953 542 3013 29·
563 2951 704 3014 Nomina
733 2959 966 3015 canonicorum
998 2959 1154 3028 omniurn,
1186 2959 1240 3034 qui
1271 2955 1313 3015 ad
1345 2956 1587 3016 observantiam
1618 2959 1737 3016 consti-

338 3044 499 3100 tutionum
529 3058 565 3100 se
597 3041 812 3119 obstringunt,
849 3045 985 3119 propriis
1016 3044 1169 3103 manibus
1193 3048 1304 3103 notata
1326 3058 1402 3102 cum
1427 3042 1530 3120 sigillo
1553 3046 1737 3120 praepositi.

442 3143 462 3204 1.
488 3139 645 3205 rat-30b
668 3143 880 3205 Confirmatio
904 3147 1083 3207 earundem
1099 3151 1367 3207 constitutionum
1384 3164 1442 3224 per
1456 3147 1737 3224 archiepiscopum

338 3228 431 3376 tubi.
457 3229 604 3376 &heom
629 3231 669 3291 de
700 3230 952 3292 ll‘landerscheid
983 3250 1025 3293 m.
1050 3251 1080 3311 p.
1105 3234 1289 3311 subscripta
1316 3233 1363 3295 15.
1387 3232 1458 3294 Jan.
1494 3231 1575 3292 1762
1599 3249 1673 3294 curn
1698 3237 1740 3292 si-

337 3334 368 3394 gi
392 3334 412 3376 o
438 3334 493 3378 arc
518 3334 578 3395 rep.

443 3419 524 3482 Cod.
549 3422 570 3481 b
593 3421 728 3482 eaedem
753 3426 1001 3482 constitutiones
1025 3427 1230 3484 continentur
1252 3428 1482 3502 transscriptae
1499 3423 1559 3483 sed
1576 3427 1646 3483 sine
1663 3423 1740 3482 sub·

339 3511 511 3585 scriptione
535 3513 566 3567 et
588 3507 844 3570 confirmatione.

443 3613 646 3670 Verisimiliter
667 3631 703 3671 ex
727 3632 805 3672 mon.
830 3615 860 3672 S.
885 3615 989 3672 Crucis
1011 3616 1052 3672 Ill.

443 3781 498 3862 36
940 3785 975 3859 1.
1002 3785 1049 3861 Α.
1075 3786 1137 3861 27.

340 3921 448 3984 chart.
471 3940 557 3984 suec.
580 3921 689 3984 XVII
697 3925 741 4007 ff.
764 3924 816 3997 43,
839 3925 988 3998 30)(21
1013 3943 1076 3987 cm.
1100 3927 1118 3986 1
1143 3944 1187 3986 m.

444 4043 725 4107 constitutiones
755 4051 790 4107 et
820 4047 958 4108 decreta
988 4043 1193 4123 pontificum
1224 4044 1414 4107 maximam
1444 4049 1579 4122 partem
1610 4045 1653 4106 ad
1683 4061 1741 4106 res

340 4131 555 4193 monasticas
579 4137 615 4193 et
635 4134 846 4196 haereticam
870 4133 1080 4210 pravitatem
1102 4131 1307 4210 spectantia.

444 4234 464 4296 1.
493 4237 503 4294 1
533 4234 729 4298 Constitutio
760 4237 937 4299 Clementis
967 4235 1037 4296 VIII
1068 4236 1109 4295 de
1143 4236 1308 4312 largitione
1344 4251 1515 4294 munerum
1540 4236 1741 4312 regularibus

340 4323 517 4396 interdicta,
542 4324 572 4384 d.
601 4323 691 4384 1594.

443 4425 464 4487 i.
488 4421 523 4486 {rb
546 4425 758 4489 Confirmatio
781 4428 929 4489 eiusdem
953 4445 1010 4506 per
1032 4425 1203 4488 Urbanum
1226 4423 1305 4498 VllI,
1330 4425 1360 4485 d.
1389 4424 1480 4485 1640.

445 4530 465 4590 1.
489 4531 523 4591 8·
546 4530 741 4593 Constitutio
772 4531 894 4593 Urbani
926 4531 994 4592 Vlll
1026 4533 1066 4592 de
1098 4530 1298 4608 regularibus
1329 4533 1488 4605 apostatis
1512 4535 1543 4590 et
1567 4529 1679 4606 ejectis
1703 4547 1741 4589 ac

342 4617 381 4676 de
406 4620 623 4685 innovatione.
649 4620 864 4680 declaratione
889 4627 920 4680 et
943 4621 1152 4680 obsecrantis
1174 4617 1373 4694 generalium
1397 4616 1602 4676 decretorum
1626 4634 1646 4676 a
1669 4615 1740 4677 Cle·

341 4709 448 4764 mente
473 4703 550 4771 Vlll.
574 4706 617 4765 ad
641 4709 832 4783 regularium
858 4706 1119 4766 reformationem
1143 4708 1402 4780 novitiorumque
1427 4707 1645 4780 receptionem
1670 4721 1743 4780 spe-

340 4795 506 4860 ctantium,
531 4792 700 4853 editorum.
725 4792 763 4854 D.
787 4811 816 4853 a.
844 4793 935 4853 1624.

445 4894 465 4954 1.
490 4895 546 4955 29·
569 4894 765 4957 Constitutio
788 4895 912 4957 Urbani
935 4894 1013 4956 VIII.
1038 4896 1078 4954 de
1103 4894 1317 4954 celebratione
1342 4897 1519 4953 missarum
1542 4910 1581 4954 ac
1606 4894 1645 4952 de
1671 4910 1742 4971 prn-

341 4981 493 5042 hibitione
525 4985 593 5042 illas
625 4983 815 5044 moderandi
841 5000 900 5044 seu
924 4983 1110 5049 reducendi,
1146 4997 1296 5041 necnon
1321 4980 1361 5040 de
1385 4981 1563 5041 earundem
1588 4981 1743 5040 oneribus

1035 5207 1051 5254 8
