4046 5972
347 562 403 614 VIII

347 775 484 833 civitatis
508 771 699 850 Pragensis‹
725 766 923 851 spectant¹²),
946 772 1035 833 nullo
1059 771 1159 832 modo
1175 771 1280 848 colligi
1303 776 1413 850 potest
1427 774 1460 832 in
1475 772 1624 850 catalogo
1640 775 1745 851 priore

346 879 520 954 inscriptos
544 892 619 936 esse
643 875 742 936 libros
766 875 914 938 eiusdem
937 876 1082 954 collegii;
1113 891 1190 936 nam
1220 875 1391 953 collegium
1415 871 1578 936 Redkonis
1609 875 1744 936 domum

347 980 504 1040 ecclesiae
528 996 555 1042 S.
579 977 736 1058 Stephani
768 983 908 1040 vicinam
939 983 971 1041 in
1002 980 1108 1058 platea
1138 995 1164 1039 s.
1199 977 1439 1040 Bartholomaei
1469 979 1678 1052 inhabitabat,
1712 982 1744 1040 in

347 1099 421 1162 qua,
444 1089 481 1144 ut
503 1083 599 1144 docet
621 1082 687 1146 Lib.
712 1083 782 1144 dec.
805 1083 840 1156 ll,
863 1081 937 1158 384,
963 1078 1188 1144 Redkonidum
1211 1098 1343 1161 quoque
1362 1083 1489 1144 libraria
1503 1082 1743 1146 asservabatur.

346 1186 453 1248 Etiam
476 1204 518 1248 ex
540 1188 604 1248 hoc
626 1189 762 1266 collegio
785 1188 934 1248 nonnulli
956 1187 1088 1248 codices
1110 1186 1154 1246 ad
1177 1202 1240 1248 nos
1263 1192 1490 1265 pervenerunt,
1526 1202 1612 1266 quos
1635 1203 1677 1248 ex
1699 1190 1746 1247 in-

347 1290 419 1351 dice
434 1289 527 1351 facile
542 1295 710 1364 invenies;
734 1290 794 1351 sed
810 1306 923 1352 eorum
948 1294 1102 1369 antiquus
1125 1290 1294 1368 catalogus
1316 1305 1384 1350 non
1407 1295 1524 1351 exstat.
1548 1289 1638 1350 Idem
1660 1290 1748 1351 valet

346 1396 387 1456 de
410 1395 546 1473 collegio
569 1394 700 1456 Laudae
723 1396 775 1456 vel
797 1395 1033 1472 apostolorum,
1062 1410 1092 1454 a.
1120 1393 1197 1456 1451
1225 1397 1370 1454 instituto
1393 1398 1425 1454 et
1448 1410 1569 1472 magna
1591 1394 1745 1456 librorum

345 1503 441 1579 copia
463 1502 573 1574 ditato,
596 1500 683 1562 idem
707 1500 748 1561 de
771 1501 914 1579 collegiis
938 1498 1134 1559 scholarium
1158 1498 1339 1559 minoribus
1362 1495 1615 1574 (Nazarethano,
1639 1497 1745 1559 Belle-

345 1603 507 1678 hemitic0,
532 1604 631 1666 domo
655 1602 858 1684 pauperum),
883 1619 1022 1685 quorum
1045 1606 1305 1681 uniuscuiusque
1324 1603 1442 1664 libriin
1458 1604 1608 1682 catalogo
1631 1608 1745 1664 nostro

346 1707 530 1768 secundum
553 1707 693 1769 indicem
708 1713 850 1786 possunt
865 1707 1010 1769 inveniri.
1034 1704 1096 1769 Cui
1111 1706 1247 1785 collegio
1262 1707 1330 1768 libri
1346 1706 1514 1786 quondam
1531 1707 1745 1770 bibliothecae

345 1809 471 1872 Veteris
493 1811 583 1872 urbis
607 1806 821 1889 Pragensis¹⁸)
844 1812 1025 1890 obtigerint,
1048 1826 1216 1888 nusquam
1239 1814 1400 1890 comperi;
1425 1811 1485 1872 sed
1508 1828 1585 1874 cum
1609 1816 1642 1874 in
1664 1829 1746 1874 non·

345 1916 440 1976 nullis
473 1915 643 1977 codicibus
675 1920 798 1978 nostn's
833 1918 898 1989 (ex.
921 1933 968 1994 gr.
991 1913 1065 1988 651,
1088 1913 1165 1991 940)
1198 1920 1307 1976 vetere
1341 1931 1443 1978 manu
1477 1920 1671 1976 annotatum
1701 1919 1744 1980 sit

349 2023 609 2080 »communitatis
630 2018 763 2081 Maioris
786 2021 876 2081 urbis
898 2019 1104 2098 Pragensis«,
1138 2023 1193 2098 qui
1215 2019 1348 2080 codices
1371 2025 1489 2098 postea
1510 2019 1635 2098 collegii
1659 2017 1693 2082 S.
1716 2018 1744 2082 J.

346 2121 536 2184 Clementini
559 2122 684 2200 fuerint,
708 2127 823 2203 nequit
844 2123 991 2197 dubitari,
1016 2127 1095 2202 quin
1118 2121 1263 2183 Iesuitae
1286 2121 1480 2184 Clementini
1513 2122 1648 2184 codices
1670 2123 1744 2184 illos

345 2243 387 2287 ex
410 2227 519 2304 aliquo
541 2230 761 2288 universitatis
783 2226 922 2306 collegio
945 2230 1139 2306 acceperint.

453 2345 608 2409 Omnium
631 2351 716 2409 enim
740 2351 958 2410 universitatis
981 2347 1150 2412 Carolinae
1184 2349 1393 2428 collegiorum
1429 2349 1643 2411 bibliothecae
1678 2366 1745 2411 una

345 2468 421 2513 cum
444 2455 514 2513 suis
537 2452 705 2513 codicibus
739 2469 840 2515 manu
873 2457 1001 2532 scriptis
1024 2471 1052 2515 a.
1080 2452 1162 2514 1622
1184 2457 1387 2532 imperatoris
1409 2456 1505 2514 iussu
1538 2457 1571 2515 in
1595 2452 1745 2516 Clemen-

345 2559 446 2617 tinum
470 2560 695 2635 pervenerunt.
717 2553 812 2618 Nunc
836 2561 1007 2636 quaeritur,
1031 2563 1111 2636 quot
1132 2556 1198 2618 iere
1223 2557 1355 2618 codices
1378 2563 1456 2619 tunc
1476 2557 1620 2619 Jesuitae
1643 2574 1664 2617 a
1679 2557 1746 2618 col·

344 2661 469 2738 legiatis
503 2664 695 2738 acceperint,
728 2660 781 2721 vel
804 2665 912 2739 potius
947 2667 1028 2739 quot
1048 2660 1181 2722 codices
1203 2662 1256 2721 illo
1279 2664 1353 2740 ipso
1376 2666 1522 2738 tempore
1556 2664 1589 2721 in
1613 2661 1745 2739 collegi-

344 2779 437 2825 orum
460 2763 662 2825 bibliothecis
685 2763 910 2843 superfuerint.
955 2762 1038 2826 Nam
1070 2763 1272 2842 superfuisse
1304 2765 1406 2825 multo
1429 2767 1611 2843 pauciores,
1647 2780 1746 2843 quam

344 2865 462 2928 fuerint
484 2884 571 2928 saec.
594 2866 655 2928 XV
677 2873 827 2942 exeunte,
851 2869 960 2929 multis
988 2868 1196 2930 documentis
1219 2868 1381 2947 probatur.
1406 2867 1555 2930 Exeunte
1580 2884 1667 2929 saec.
1684 2866 1744 2928 XV

344 2987 403 3050 pro
436 2977 525 3034 certo
558 2972 711 3034 habenda
733 2977 784 3033 est
806 2988 938 3033 summa
959 2971 1046 3034 4500
1068 2972 1231 3046 codicum,
1268 2975 1323 3050 qui
1346 2975 1379 3032 in
1402 2972 1611 3050 collegiorum
1635 2971 1747 3034 biblio·

345 3077 448 3136 thecis
470 3077 733 3149 asservabantur,
768 3093 855 3139 nunc
878 3081 988 3139 autem
1011 3077 1144 3138 codices
1167 3076 1265 3150 latini,
1302 3079 1356 3154 qui
1380 3093 1398 3136 e
1422 3079 1565 3154 pristinis
1588 3079 1747 3136 universi·

345 3183 419 3240 tatis
442 3180 585 3258 collegiis
609 3183 800 3258 provenisse
834 3181 1051 3259 perhibentur,
1086 3185 1164 3241 sunt
1185 3183 1309 3242 circiter
1334 3177 1426 3241 1100.
1473 3177 1534 3243 Cui
1556 3196 1694 3242 numero
1718 3184 1746 3242 si

344 3283 566 3345 addiderimus
600 3289 723 3346 circiter
750 3283 810 3346 150
831 3284 963 3346 codices
987 3286 1188 3358 bohemicos,
1211 3287 1418 3360 germanicos
1450 3289 1547 3361 atque
1571 3300 1641 3358 e05,
1665 3299 1745 3362 quo·

344 3403 415 3448 rum
449 3391 539 3466 origo
569 3388 855 3467 recompingendo,
903 3388 1059 3462 radend0,
1094 3387 1271 3451 oblinendo
1306 3387 1449 3449 obscura
1482 3393 1542 3461 est,
1577 3389 1747 3467 apparebit

345 3506 476 3552 summa
502 3490 584 3552 1250
606 3492 767 3563 codicum,
791 3496 846 3572 qui
869 3510 890 3553 a
910 3491 1043 3553 Iesuitis
1066 3489 1278 3555 Clementinis
1302 3509 1343 3553 ex
1366 3492 1505 3553 diversis
1527 3491 1746 3554 universitatis

344 3595 488 3674 collegiis
510 3596 635 3674 accepti
659 3602 691 3658 et
713 3596 811 3658 nobis
845 3596 950 3658 traditi
985 3592 1112 3676 sunt¹⁴),
1146 3613 1275 3675 nosque
1298 3596 1361 3675 ipsi
1384 3612 1506 3674 magno
1536 3596 1747 3658 cumdolore

446 3784 485 3864 ¹²)
508 3790 592 3848 Notis
622 3792 669 3848 his
691 3791 861 3862 praesertim
883 3791 949 3847 libri
972 3807 991 3846 a
1012 3793 1130 3848 duobus
1153 3791 1301 3861 magistris
1328 3789 1453 3860 collegio
1476 3785 1622 3846 Redkonis
1645 3792 1747 3847 donati

345 3884 562 3936 enumerantur.
586 3877 681 3950 Quam
703 3878 881 3934 lacunosum
904 3877 943 3933 sit
965 3878 1141 3950 opusculum
1165 3894 1183 3933 a
1204 3875 1246 3933 M.
1269 3875 1403 3932 Iohanne
1435 3875 1586 3948 Campano
1610 3893 1638 3933 a.
1666 3877 1746 3932 1616

344 3965 453 4037 Pragae
475 3967 531 4021 sub
547 3965 632 4020 titulo
650 3964 875 4021 »calendarium
890 3963 1101 4021 beneficiomm
1117 3965 1284 4021 academiae
1299 3961 1437 4034 Prageosi
1457 3963 1650 4020 collatorum«
1668 3965 1746 4036 typis

345 4053 464 4120 editum,
481 4066 518 4106 ex
531 4052 587 4107 bac
602 4054 762 4109 donatione
777 4051 851 4106 satis
865 4051 964 4122 ubere,
980 4067 1055 4124 quae
1070 4057 1169 4107 tamen
1185 4050 1368 4120 Campanum
1381 4048 1473 4117 latuit,
1490 4049 1575 4106 facile
1591 4050 1745 4121 colligitur.

446 4130 484 4210 ¹³)
506 4137 540 4194 In
561 4138 618 4194 hac
640 4139 820 4195 bibliotheca
831 4138 903 4195 olim
916 4144 1002 4194 etiam
1017 4144 1079 4196 erat
1092 4140 1187 4195 codex
1202 4137 1284 4194 2425
1308 4135 1383 4208 (Lib.
1409 4139 1473 4194 dec.
1493 4135 1528 4206 11,
1546 4137 1632 4208 321),
1660 4152 1747 4209 quem

345 4232 468 4281 senatus
492 4224 604 4282 Veteris
628 4227 709 4282 urbis
731 4225 886 4296 Pragensis
907 4241 934 4284 a.
955 4226 1035 4284 1783
1059 4223 1258 4282 universitatis
1274 4223 1467 4280 bibliothecae
1491 4226 1589 4280 denuo
1613 4224 1746 4279 contulit.

446 4303 484 4384 14)
505 4312 678 4369 Accuratior
698 4311 864 4367 rationandi
888 4315 994 4369 modus
1017 4311 1065 4368 hic
1088 4320 1150 4368 est:
1180 4310 1224 4366 Ex
1257 4311 1437 4366 bibliotheca
1470 4311 1499 4370 S.
1523 4309 1549 4366 J.
1574 4308 1640 4366 Cle-

344 4398 474 4454 mentina
495 4405 691 4470 provenerunt
712 4399 830 4455 codices
852 4398 946 4470 latim,
970 4405 1115 4470 quatenus
1139 4398 1306 4470 signaturae
1329 4398 1437 4454 docent
1469 4445 1474 4456 .
1523 4441 1529 4454 .
1576 4439 1583 4453 .
1630 4397 1746 4457 ,1165

343 4485 397 4541 His
420 4487 545 4543 addendi
568 4492 639 4542 sunt
659 4485 806 4542 veteribus
830 4485 989 4557 signaturis
1013 4493 1145 4542 carentes
1169 4485 1283 4541 circiter
1306 4524 1637 4544 .......
1685 4485 1746 4541 270

344 4573 463 4630 codices
486 4573 630 4630 bohemici
653 4579 682 4628 et
704 4572 861 4644 germanici
885 4572 998 4629 circiter
1034 4613 1637 4634 ............
1706 4571 1747 4628 70

668 4676 791 4733 Summa
813 4679 948 4734 codicum
972 4676 1165 4734 bibliothecae
1189 4676 1220 4732 S.
1245 4675 1271 4732 J.
1294 4675 1526 4734 Clementioae.
1573 4719 1581 4736 .
1629 4674 1746 4734 .1505

344 4763 386 4820 De
416 4765 471 4820 hac
495 4779 612 4820 summa
633 4764 658 4819 si
673 4765 851 4822 detraxeris:
880 4765 905 4820 1.
932 4763 1050 4820 codices
1078 4763 1245 4820 monasterii
1269 4763 1441 4834 Ojvioensls
1466 4807 1473 4820 .
1521 4811 1526 4822 .
1563 4763 1603 4818 24

345 4851 373 4906 2.
398 4851 515 4907 codices
542 4851 580 4906 ab
602 4851 676 4922 ipsis
699 4849 819 4907 Jesuitis
842 4857 977 4906 exaratos
1001 4857 1052 4907 aut
1068 4851 1186 4907 aliunde
1203 4857 1340 4924 acceptos
1361 4849 1474 4907 circiter
1519 4849 1601 4906 .200
1684 4847 1746 4904 224

1188 4955 1341 5010 restabunt
1364 4955 1478 5011 circiter
1522 4997 1530 5012 .
1577 4999 1584 5014 .
1632 4953 1747 5013 ,1270

344 5042 471 5109 codices,
485 5043 535 5114 qui
544 5041 656 5100 circaa.
670 5041 932 5114 1620supererant
943 5047 972 5098 tn
983 5041 1166 5098 bibliothecis
1175 5041 1364 5114 collegiorum
1374 5039 1574 5098 universitatis
1583 5039 1744 5110 Pragensis.
