4004 5966
1045 541 1108 602 249

483 752 503 812 I.
529 746 674 811 ati-74¹³
707 751 875 814 Maiestas
906 749 1079 812 Carolina.
1118 750 1186 811 »De
1220 751 1286 811 fide
1320 752 1491 812 katholica.
1525 749 1777 812 Sanctissimam

375 842 565 900 trinitatem«
593 839 625 895 ><
652 837 758 899 »Finis
782 839 833 898 die
857 836 987 899 Saturni
1009 843 1085 899 ante
1108 841 1336 899 invencionem
1361 855 1388 898 0.
1413 843 1520 899 crucis
1536 836 1620 899 1467
1649 854 1713 915 per
1733 835 1777 898 V.

374 924 417 986 de
439 925 499 987 ll«
525 927 573 999 (ln
597 925 702 986 lronte
734 926 832 985 huius
866 929 973 1002 operis
1004 929 1143 985 occurrit
1172 926 1282 985 titulus
1313 943 1414 986 manu
1438 941 1525 986 saec.
1549 923 1635 987 XVII
1665 928 1776 986 inscri-

374 1017 466 1090 ptus:
491 1010 748 1074 Constitutiones
765 1010 871 1072 Caroli
886 1011 928 1075 lV
950 1012 1001 1072 vel
1017 1011 1094 1072 Jura
1109 1017 1211 1072 terrae
1227 1011 1427 1086 Bohemiae).
1442 1011 1491 1074 Cf.
1508 1008 1644 1086 Jrretek,
1661 1009 1777 1074 Codex

371 1100 454 1178 juris
477 1099 552 1159 boh.
577 1098 612 1172 ΙΙ,
636 1098 655 1158 2
679 1116 709 1176 p.
738 1097 807 1160 109.

483 1186 503 1246 l.
528 1183 713 1248 751-1621ι
734 1183 788 1246 Fr.
811 1184 952 1247 Martini
974 1183 1234 1262 poenitentiarii
1256 1185 1287 1246 d.
1303 1201 1413 1262 papae
1429 1190 1465 1246 et
1479 1184 1651 1262 capellani
1667 1182 1777 1245 Chro-

374 1272 453 1334 nica
475 1272 594 1352 (vulgo
618 1271 710 1334 dicta
731 1271 969 1349 Martimiani).
997 1269 1126 1350 »Quum
1158 1276 1240 1332 scire
1264 1278 1412 1350 tempora
1442 1288 1648 1334 summorum
1672 1275 1775 1349 ponti-

373 1359 491 1420 ficum«
511 1360 545 1418 ><
564 1358 720 1437 »Explicit
741 1363 871 1419 cronica
893 1358 1099 1420 Martimiana
1122 1376 1151 1420 a.
1177 1357 1260 1418 1468
1283 1359 1338 1420 ier.
1363 1358 1401 1420 lll
1421 1364 1454 1420 in
1470 1360 1577 1437 vigilia
1593 1358 1774 1436 Epiphanie

373 1450 406 1508 in
429 1444 555 1524 Gurym
578 1445 698 1506 finita«

481 1552 625 1623 Operculo
649 1569 745 1624 super.
770 1553 930 1624 adligatum
954 1558 997 1606 est
1020 1553 1140 1607 membr.
1164 1553 1356 1623 fragmentum
1379 1555 1556 1620 testamenti,
1577 1567 1637 1624 quo
1659 1551 1777 1622 Marga-

373 1646 433 1695 reta
457 1643 605 1711 quondam
627 1639 717 1694 Ulrici
740 1638 884 1710 Wolfingi
906 1640 1008 1694 relicta
1030 1641 1066 1694 de
1087 1641 1175 1695 rebus
1199 1640 1262 1694 suis
1286 1640 1426 1710 disponit,
1443 1641 1503 1695 dat.
1520 1639 1628 1709 Pragae
1644 1656 1670 1696 a.
1694 1637 1775 1694 1391

372 1725 396 1780 E
419 1731 545 1783 monast.
569 1724 761 1784 Tiebonensi.

476 1893 560 1976 249
975 1895 1005 1970 I.
1033 1895 1073 1969 F.
1102 1894 1164 1969 17.

370 2037 480 2099 chart.
502 2053 589 2098 saec.
612 2032 738 2097 XVIII
753 2035 799 2096 0.
809 2034 857 2117 ff.
880 2034 946 2097 153
966 2034 1074 2116 (τῇ).
1097 2034 1185 2114 305),
1208 2035 1352 2098 20><ra
1375 2053 1437 2097 cm.
1462 2035 1491 2096 0.
1517 2052 1562 2095 m.

478 2159 499 2220 l.
527 2157 630 2218 1-43
653 2161 708 2232 (z
722 2175 774 2236 pp.
802 2156 918 2230 1—86)
942 2156 1190 2219 Calendarium
1220 2156 1501 2218 ecclesiasticum
1530 2173 1594 2234 pro
1617 2157 1774 2219 cartusie

369 2246 585 2308 Waldicensi
609 2245 843 2322 compositum
866 2260 947 2304 cum
969 2244 1168 2306 directorio.

478 2349 499 2410 1.
522 2347 672 2409 46-122
696 2353 752 2422 (z
765 2365 817 2426 pp.
831 2347 995 2422 91-244)
1011 2346 1247 2410 Directorium
1258 2347 1412 2410 lecturae
1423 2346 1602 2410 refectorii
1616 2347 1772 2410 0011001-

370 2453 696 2584 atloruin'125—l36
719 2525 775 2595 (z
786 2539 839 2599 pp.
864 2519 1206 2593 Ἀεὶ-2700100111
1235 2519 1382 2582 Hoefter
1402 2518 1640 2584 Directorium
1662 2520 1773 2583 officii

370 2609 569 2671 sacristae.
595 2609 829 2670 ..collectum
863 2612 949 2668 circa
978 2625 1008 2668 a.
1045 2605 1128 2667 1698
1162 2613 1194 2668 10
1217 2612 1359 2668 cartusie
1382 2606 1604 2669 Gemnicensi.
1638 2606 1774 2686 Singula

370 2715 390 2758 a
412 2696 534 2757 Bened.
558 2695 740 2756 Widerholt
762 2699 868 2755 revisa
891 2700 923 2755 et
945 2696 1135 2772 approbata.

478 2801 499 2861 1.
527 2799 695 2862 138-143
718 2803 773 2872 l:
786 2816 839 2877 pp.
864 2796 1150 2864 277-286>1oea
1171 2797 1315 2875 perfecti
1337 2798 1460 2859 vicarii
1483 2799 1630 2876 eiusque
1645 2799 1773 2877 Alpha·

370 2889 488 2950 betum
510 2904 655 2948 aureum
678 2903 697 2946 a
719 2889 954 2947 commissariis
988 2886 1026 2944 Α.
1058 2883 1262 2946 Mittentaller
1287 2933 1292 2944 .
1320 2936 1324 2946 .
1350 2892 1381 2946 et
1403 2885 1473 2947 Joa.
1500 2885 1535 2946 B.
1561 2885 1706 2947 Schmall
1731 2934 1737 2946 .
1764 2937 1769 2948 .

368 2979 402 3036 in
425 2979 566 3035 cartusie
589 2971 799 3033 Gemnicensi
824 3020 831 3032 .
857 3019 863 3032 .
888 2989 916 3032 a.
943 2968 1058 3032 1677.
1083 3017 1091 3031 .
1115 2972 1314 3033 derelictum.

477 3078 497 3141 1,
525 3077 694 3141 144-145
716 3081 773 3150 (z
785 3093 837 3154 pp.
862 3075 1047 3149 287—290)
1065 3075 1216 3154 Quinque
1236 3081 1466 3137 annotationes
1482 3094 1584 3155 super
1595 3081 1729 3138 nomina
1740 3083 1773 3138 et

368 3166 468 3226 verba
490 3165 643 3226 hebraico
665 3166 717 3224 vel
740 3165 838 3224 latino
861 3163 962 3223 modo
986 3164 1243 3240 pronuncianda.

476 3268 496 3329 1.
525 3265 693 3327 146-153
710 3266 763 3344 (;
777 3284 828 3345 pp.
846 3264 1032 3339 291-305)
1044 3265 1198 3328 Musices
1220 3267 1372 3329 choralis
1387 3266 1540 3329 Medulla
1563 3267 1638 3329 sive
1660 3267 1771 3329 totius

369 3361 494 3416 cantus
518 3352 723 3431 Gregoriani
747 3399 754 3414 .
779 3401 786 3414 .
811 3399 819 3413 .
842 3352 982 3414 traditio
1006 3353 1048 3413 ad
1070 3370 1176 3414 usum
1199 3371 1226 3414 s.
1245 3354 1318 3415 ord.
1330 3353 1568 3416 cartusiensis
1585 3371 1771 3416 accommo-

369 3443 445 3502 data
468 3447 500 3502 et
522 3445 718 3502 concinnata
741 3444 773 3500 in
797 3444 940 3500 cartusie
963 3438 1124 3501 Seitzensi
1148 3457 1176 3501 a.
1205 3440 1296 3503 1699.
1320 3442 1386 3515 (Ad
1414 3443 1557 3502 calcem:
1585 3440 1771 3520 ›Descripsi

368 3530 456 3591 hunc
479 3529 618 3588 libellum
649 3532 682 3588 in
713 3531 854 3588 cartusie
884 3524 917 3588 S.
941 3524 1110 3588 Trinitatis
1135 3545 1233 3606 prope
1258 3527 1411 3597 anam,
1444 3529 1540 3590 nobis
1564 3547 1606 3590 cx
1629 3532 1772 3589 cartusie

368 3613 529 3677 Seitzcnsi
553 3618 785 3675 transmissum
808 3620 841 3674 et
862 3614 982 3673 ibidem
999 3614 1205 3692 probabiliter
1220 3620 1316 3676 etiam
1328 3620 1551 3693 compositum
1568 3634 1597 3678 a.
1616 3612 1699 3676 1727
1704 3639 1731 3674 «.
1746 3614 1771 3693 .)

478 3705 584 3761 10101.
608 3721 668 3761 non
691 3719 770 3762 num.
794 3707 870 3759 inter
891 3721 939 3775 pp.
965 3705 1026 3761 290
1050 3711 1078 3758 et
1102 3705 1160 3760 291
1194 3706 1316 3776 inligato
1347 3706 1495 3760 occurrit:
1529 3705 1636 3778 »Lapis
1659 3703 1771 3776 Lydius

368 3793 498 3848 exercitii
522 3792 682 3862 spiritualis
712 3791 744 3847 R.
777 3789 807 3848 P.
838 3789 1003 3847 Innocentii
1027 3791 1065 3847 Le
1088 3790 1211 3847 Masson
1234 3793 1378 3863 generalis
1402 3793 1514 3847 ordinis
1538 3791 1767 3848 Cartusiensis.«

368 3878 473 3935 Cetera
494 3880 565 3934 10110
587 3882 726 3950 peginata
747 3893 843 3933 vacua
865 3885 944 3934 sunt.
969 3879 1112 3950 Operibus
1144 3894 1235 3948 supra
1255 3879 1411 3936 recensitis
1435 3879 1596 3951 praeligata
1619 3885 1688 3934 sunt
1711 3881 1770 3934 duo

368 3965 438 4023 lolia
461 3982 520 4022 non
544 3981 635 4035 num,
659 3980 784 4036 quorum
806 3965 837 4020 in
853 3965 943 4020 altero
967 3967 1079 4039 aliquot
1101 3980 1205 4020 versus
1229 3967 1284 4020 sub
1307 3967 1392 4022 titulo
1411 3965 1629 4038 »Provisiopro
1642 3973 1772 4022 extrema

368 4069 454 4108 sacra
483 4056 641 4108 unctione«
674 4053 774 4122 scripti
805 4057 882 4123 sunt,
916 4051 997 4108 alteri
1028 4068 1097 4108 vero
1129 4052 1326 4122 adglutinatae
1358 4053 1375 4108 2
1408 4055 1551 4125 imagines
1583 4053 1718 4109 aGroos
1742 4057 1770 4108 et

368 4140 439 4196 Phil.
463 4140 562 4195 Kilian
585 4140 726 4209 sculptae.
751 4137 820 4193 Sine
843 4139 933 4193 dubio
957 4155 972 4194 e
996 4141 1125 4195 cartusie
1147 4137 1341 4199 Waldicensi.

475 4309 558 4390 25⁰
981 4308 1011 4383 I.
1039 4309 1079 4382 F.
1109 4307 1169 4382 18.

367 4450 475 4512 chart.
498 4469 584 4514 saec.
608 4451 677 4514 XV
695 4452 741 4533 ff.
763 4450 837 4524 320,
860 4449 898 4511 21
914 4451 1004 4510 ><15
1024 4465 1098 4520 cm„
1142 4448 1331 4509 maximam
1349 4452 1492 4530 perlem
1528 4467 1551 4510 α
1593 4445 1700 4512 Cruce
1730 4448 1770 4508 de

372 4536 462 4600 Telcz
485 4542 658 4601 exaratus.

475 4661 496 4720 1.
524 4657 660 4722 12-17b
683 4659 727 4722 Ill.
750 4659 910 4737 Procopii
926 4660 967 4720 de
987 4657 1172 4720 Kladrowa
1189 4657 1268 4738 (sic)
1286 4659 1400 4720 decani
1417 4659 1534 4720 eccles,
1554 4658 1646 4737 Prag.
1664 4657 1768 4719 Trac-

364 4752 461 4810 tatus
484 4748 527 4809 de
550 4745 734 4826 septuplici
757 4745 958 4824 acceptione
980 4745 1088 4806 huius
1112 4745 1267 4808 nominis
1290 4745 1439 4808 00010010
1470 4750 1506 4806 01
1536 4747 1578 4808 de
1612 4761 1768 4808 commu·

367 4835 474 4896 nione
508 4835 615 4896 unius
648 4833 787 4913 speciei.
834 4833 930 4908 (Huic
966 4837 1113 4893 tractatui
1144 4837 1286 4894 insertus
1318 4839 1369 4893 est
1398 4834 1478 4894 alter
1500 4833 1520 4894 l.
1550 4830 1682 4894 lb—6·:
1720 4831 1767 4894 lt

366 4921 520 4984 Simonis
543 4922 585 4983 de
608 4921 771 4984 Tissnow
791 4920 974 4982 'tractatus
997 4920 1039 4981 de
1063 4920 1237 4999 ecclesia).
1286 4919 1443 4998 »Spiritus
1467 4921 1639 4982 manifeste
1663 4921 1763 4980 dicit«

367 5010 400 5068 ><
427 5009 487 5069 »ad
510 5014 610 5070 vitam
634 5015 777 5070 eternam
800 5008 938 5070 fideliter
959 5011 1156 5087 pervenire«

1045 5231 1094 5283 100
