3996 5954
777 555 862 560 —
893 466 974 526 1035

336 672 436 755 1032
831 673 888 750 VI.
921 677 966 751 A.
998 675 1058 750 20.

226 813 417 875 membran.
450 830 538 876 saec.
561 811 649 875 XIV
656 813 704 896 ff.
727 815 801 888 157,
823 815 1002 877 32><24·5
1025 833 1088 878 ern.
1111 816 1129 875 1
1156 831 1200 874 m.

271 933 325 1000 Fr.
347 934 385 997 Β.
408 935 601 1012 (Bertboldi
626 937 667 997 de
691 936 896 1015 Ratiepona)
930 936 1120 999 Sermones
1151 933 1331 998 Rusticani
1356 936 1397 998 de
1420 942 1587 1015 tempore.

331 1021 350 1082 l.
380 1023 413 1082 l·
438 1022 491 1084 »in
514 1022 658 1084 adventu
676 1039 784 1084 sermo
809 1023 829 1084 1.
847 1021 949 1085 Erunt
972 1028 1066 1103 signa
1082 1027 1114 1084 in
1131 1025 1219 1084 sole«
1246 1022 1278 1078 ><
1301 1022 1321 1084 i.
1351 1021 1428 1083 157·
1454 1022 1632 1101 »incipiunt

228 1108 306 1168 tituli
331 1124 521 1171 sermonum
545 1107 651 1170 iratris
675 1109 722 1185 B.,
756 1113 811 1190 qui
845 1109 997 1171 dicuntur
1030 1109 1197 1171 Rusticani
1229 1127 1270 1172 ex
1295 1110 1472 1171 humilitate
1496 1114 1544 1170 sic
1568 1126 1627 1169 eos

227 1196 459 1256 nominandos
486 1193 637 1274 Sequens
662 1197 771 1258 tabula
793 1212 860 1257 non
884 1203 935 1258 est
958 1201 1083 1275 integra
1106 1197 1219 1258 codice
1244 1197 1399 1258 mutilato.

331 1284 363 1340 in
386 1285 478 1341 fronte
501 1285 520 1344 i.
549 1287 583 1340 1²
606 1293 779 1342 annotatum
802 1293 863 1342 est:
891 1285 953 1342 »Ex
977 1287 1155 1343 bibliotheca
1178 1287 1388 1342 canonicorum
1411 1285 1587 1354 regularium
1604 1301 1628 1342 s.

225 1371 383 1442 Augustini
405 1371 556 1428 Trebonae
583 1372 693 1431 iria«

333 1537 433 1620 1033
831 1540 894 1613 VI.
924 1540 971 1614 Α.
998 1541 1060 1614 21.

225 1679 334 1740 chori.
357 1697 444 1741 saec.
468 1678 555 1741 XIV
562 1678 608 1761 ff
633 1678 708 1753 281,
729 1678 906 1740 27·5><20
927 1697 990 1742 car.
1013 1681 1031 1741 1
1058 1697 1102 1740 m.

328 1799 346 1860 l.
377 1801 490 1861 1·-3·
516 1799 664 1863 »Tabula
693 1803 790 1862 huius
813 1807 941 1880 operis·
968 1805 1057 1864 initio
1082 1805 1202 1866 mutila.

327 1886 348 1948 l.
372 1883 513 1948 3¹³-17b
536 1887 726 1950 Sermones
748 1886 859 1949 XXIV
883 1889 925 1950 de
948 1887 1174 1951 dedicatione.

327 1973 348 2036 l,
377 1969 535 2035 17²³--57b
562 1974 768 2038 »Sermones
790 1974 833 2036 de
863 1975 1126 2052 quadragesima
1159 1981 1195 2037 et
1226 1975 1295 2037 alie
1336 1974 1628 2054 congregaciones

228 2061 270 2122 de
292 2066 480 2137 tempora«
506 2059 541 2123 ln
565 2061 648 2124 fine:
675 2061 833 2140 »Explicit
855 2063 934 2122 liber
956 2063 1149 2124 tabulatus«

328 2147 347 2208 i.
372 2147 557 2210 582-251·
593 2149 725 2227 »incipit
759 2147 861 2225 Piper
894 2147 936 2209 de
972 2154 1130 2227 tempore
1163 2165 1243 2210 curn
1277 2147 1357 2211 aliis
1381 2148 1501 2209 multis
1525 2147 1628 2210 bonis

222 2235 470 2312 congregatis·
500 2233 604 2296 »Ecce
629 2253 686 2296 rex
708 2242 785 2296 tuus
816 2239 922 2296 venit«
948 2236 981 2292 ><
1016 2234 1172 2313 »Explicit
1202 2237 1281 2296 liber
1314 2235 1354 2296 de
1390 2243 1535 2314 tempore
1571 2251 1628 2296 no·
1752 2295 1757 2306 ,

223 2324 310 2382 mine
333 2320 455 2400 Piper.«

325 2407 347 2468 i.
372 2403 579 2469 251¹-283b
603 2405 781 2470 Sermones
805 2408 933 2469 diversi.

221 2577 264 2642 XI
326 2495 346 2554 l.
371 2489 451 2556 283b
473 2492 660 2574 Modlitby:
684 2488 770 2556 otte
792 2485 867 2570 nis,
891 2488 1025 2558 Zdriva
1048 2489 1230 2570 krilovna
1254 2485 1337 2556 Vbii
1357 2513 1381 2556 v
1404 2494 1497 2556 buoh
1521 2491 1624 2572 (saec,

326 2667 346 2728 l.
360 2667 441 2730 284·
455 2665 659 2746 Hospodine
676 2666 820 2747 pomiluj
838 2684 886 2747 ny
901 2661 1036 2748 (poth
1051 2673 1127 2731 text
1142 2668 1205 2730 bez
1220 2673 1291 2740 not,
1309 2682 1399 2729 saec.
1414 2665 1624 2745 XIV-XV).

325 2753 346 2814 i.
370 2751 451 2817 284b
477 2753 592 2816 »Dicta
614 2754 789 2816 Aristotilis
813 2755 956 2816 tenenda
979 2772 1037 2834 per
1060 2757 1208 2834 singulos
1233 2770 1398 2816 menses«

326 2843 479 2916 Operculis
503 2846 633 2915 adligata
655 2852 726 2900 sunt
748 2845 910 2914 fragmenta
933 2846 1092 2902 membran.
1117 2846 1229 2900 codicis
1264 2843 1377 2900 iuridici
1403 2843 1625 2915 latino-germa-

223 2931 280 2986 nici
304 2946 381 2988 saec.
407 2929 483 2991 xlv,
508 2932 541 2987 ln
564 2932 656 2986 ironis
680 2931 832 3002 fragmenti
856 2931 936 2988 infer.
962 2937 1134 2987 annotatum
1159 2939 1219 2990 est:
1255 2931 1331 2986 »Iste
1355 2936 1399 2986 est
1422 2930 1496 2986 liber
1518 2945 1624 2985 mona-

223 3019 305 3074 sterii
327 3016 556 3075 Borowanensis
580 3017 655 3073 alias
679 3016 797 3073 Forwas
821 3019 896 3074 dioc.
922 3017 1024 3089 Prag.‹
1072 3017 1115 3074 Ex
1150 3019 1206 3074 hoc
1230 3019 1408 3074 monasterio
1431 3019 1527 3074 codex
1551 3015 1622 3073 bibl.

222 3103 458 3174 Rosenbergicae
481 3105 594 3176 obtigit,
620 3112 651 3159 ut
673 3108 760 3161 docet
782 3105 897 3174 insigne
920 3105 1092 3176 adligatum,
1117 3107 1195 3161 unde
1219 3111 1369 3160 restitutus
1386 3109 1430 3158 est
1445 3105 1623 3158 monasterio

219 3197 392 3247 restaurato.

326 3356 429 3440 1034
811 3357 870 3433 VI.
899 3359 942 3434 B.
970 3359 1005 3434 Ι.

218 3499 327 3562 abari.
350 3515 439 3561 saec.
463 3496 519 3560 XI
524 3496 659 3560 V-XV
668 3498 713 3580 ff.
736 3498 810 3572 144,
832 3499 973 3561 30><21
998 3518 1059 3562 cnr.
1084 3504 1101 3563 1
1127 3518 1172 3563 m.

218 3620 354 3702 (iacobi
378 3622 420 3683 de
442 3619 653 3700 Voraginei)
686 3619 843 3695 Postilla,
878 3638 1002 3684 carens
1026 3621 1130 3685 initio
1153 3627 1188 3684 et
1203 3621 1282 3696 fine,
1307 3620 1363 3700 (N.
1388 3620 1511 3682 Jacobo
1534 3625 1620 3682 attri-

218 3709 325 3768 buitur
346 3725 367 3768 a
389 3708 631 3769 bibliothecario
655 3705 688 3770 S.
713 3706 740 3767 J,
763 3713 796 3768 in
820 3707 924 3769 fronte
948 3708 968 3772 l.
997 3710 1053 3782 1¹),
1077 3726 1153 3770 cum
1177 3713 1263 3770 notis
1288 3710 1520 3786 marginalibus
1553 3724 1621 3768 me-

604 3799 693 3855 xima
716 3809 757 3855 ex
780 3801 870 3872 parte
893 3801 1010 3857 aetatis
1035 3800 1233 3859 recentioris

319 3884 351 3941 In
375 3885 513 3956 operculo
537 3899 633 3956 super.
657 3887 835 3940 intrinsecus
858 3885 931 3942 inter
955 3889 1050 3942 varias
1074 3893 1161 3942 notas
1184 3885 1367 3957 theologicas
1384 3887 1512 3941 occurrit
1528 3900 1617 3940 manu

216 3987 292 4028 saec.
317 3969 373 4026 XV
395 3973 434 4030 in.
460 3971 618 4043 inscriptus
640 3969 800 4027 Numerus
837 3972 1044 4029 ecclesiarum
1067 3971 1288 4045 parocbalium
1325 3971 1511 4028 dioeceseos
1544 3969 1621 4028 Pra-

215 4057 324 4128 gensis
346 4057 522 4115 secundum
553 4058 698 4130 singulos
731 4057 1018 4116 archidiaconatus.
1054 4059 1211 4131 (»Summa
1249 4059 1378 4128 tlibi«)
1421 4057 1475 4116 Ed.
1510 4058 1618 4128 Hbller,

216 4144 319 4216 Fruger
342 4145 453 4203 Concil.
479 4161 507 4216 p.
536 4146 562 4202 1.
586 4143 619 4200 In
642 4145 735 4201 fronte
758 4146 775 4202 l.
804 4147 837 4201 1¹
861 4153 947 4202 nota:
996 4146 1094 4204 »Haec
1128 4145 1247 4219 postilla
1280 4147 1384 4202 Jacobi
1407 4149 1442 4202 de
1466 4145 1616 4216 Voragine

216 4237 332 4302 spectat
350 4230 570 4288 Brzeznlcium«
595 4232 670 4301 (alla
693 4227 813 4306 manu:)
841 4235 971 4290 »donata
993 4236 1031 4290 ab
1055 4234 1158 4293 illustr.
1184 4234 1368 4296 fundatore«

321 4398 420 4482 1035
819 4399 883 4476 VI.
910 4402 954 4476 B.
983 4401 1018 4475 2.

213 4541 323 4603 citari.
346 4558 433 4603 saec.
457 4535 544 4601 XIV
545 4538 654 4601 -XV
661 4539 709 4622 ff.
732 4541 808 4616 206,
829 4541 973 4605 30><22
995 4559 1057 4604 cnr,
1081 4541 1100 4602 1
1125 4559 1170 4602 m.

212 4663 362 4741 Remigii
384 4662 575 4725 Sermones
599 4677 707 4739 super
740 4662 908 4741 epistolas
942 4673 977 4725 et
1010 4663 1192 4741 evangelia
1224 4679 1286 4741 per
1320 4661 1489 4723 circulum
1522 4659 1632 4722 anni„

317 4749 336 4812 l.
366 4752 398 4811 l·
424 4747 599 4811 »Fluminis
623 4753 766 4827 impetus
789 4751 921 4811 letilicat
936 4755 1097 4811 civitatem
1123 4751 1194 4811 dei«
1221 4753 1253 4808 ><
1276 4748 1298 4813 f.
1315 4747 1395 4809 202·
1414 4747 1618 4826 »Expliciunt

213 4837 303 4898 dicta
326 4836 460 4915 Remigii
484 4853 585 4916 super
607 4839 764 4916 epistolas
788 4843 820 4897 et
843 4839 1042 4915 evangelia«

316 4924 337 4985 i.
362 4919 569 4985 2032-206b
591 4921 720 4985 Tabula
743 4940 849 4984 rerum
873 4926 949 4999 (alia
972 4941 1073 4985 manu
1096 4924 1228 4998 addita).

888 5147 940 5198 429
