3972 5958
873 505 936 566 482

306 715 327 780 l.
356 717 366 778 l
394 717 513 790 (Incipit
547 719 692 790 expositio
704 719 725 788 :)
759 713 893 775 »Libros
924 717 1135 792 questionum
1168 715 1284 776 Annii«
1310 749 1355 758 -
1382 715 1404 777 1.
1428 715 1463 776 3·
1484 720 1606 793 (incipit

200 809 332 876 textum)
359 803 607 880 »Investigatam
631 802 833 862 diutissime‹
849 803 881 858 ><
894 798 915 860 1,
932 799 988 860 62·
1011 803 1151 878 (Explicit
1174 803 1319 876 expositio
1330 800 1351 878 :)
1372 805 1604 866 »incommuta-

199 891 253 952 bili
278 893 446 970 proposito
471 904 531 948 sue
554 889 731 950 voluntatis
755 885 953 966 prescribit«

308 995 401 1051 Vetus
424 995 502 1066 sign.
526 994 561 1064 D,
590 997 615 1051 l.

303 1161 390 1245 48⁰
667 1161 739 1239 III.
765 1160 810 1237 E.
836 1163 871 1236 5.
899 1177 945 1240 (1.
964 1177 987 1230 1.
1005 1179 1029 1228 2.
1048 1194 1074 1230 n.
1093 1179 1147 1242 95.)

197 1302 388 1366 membran.
411 1319 499 1365 saec.
523 1301 610 1365 XIV
630 1301 674 1364 in.
686 1301 734 1384 ff.
757 1301 831 1375 207,
854 1301 1026 1366 255><17
1052 1320 1116 1365 cm.
1138 1303 1156 1364 1
1178 1319 1224 1364 m.

307 1422 460 1487 Thomac
483 1424 526 1487 de
548 1423 687 1502 Aquino
711 1423 874 1486 Summae
896 1423 1115 1502 theologicae
1139 1441 1221 1504 pars
1243 1423 1365 1502 prima.

309 1527 329 1588 1.
358 1530 390 1589 1·
417 1526 521 1607 »Quia
552 1528 732 1589 chatholica
768 1531 910 1588 veritatis
942 1529 1056 1589 doctor
1079 1545 1145 1590 non
1170 1529 1277 1590 solum
1301 1536 1493 1607 provectos«
1521 1531 1554 1588 ><
1577 1530 1598 1590 1.

203 1612 281 1677 192b
307 1615 398 1676 »talis
422 1619 510 1676 enim
534 1622 647 1693 partus
671 1615 809 1675 decebat
831 1630 916 1684 eum,
948 1619 1002 1695 qui
1026 1622 1078 1676 est
1101 1632 1200 1694 super
1223 1620 1333 1677 omnia
1356 1616 1548 1678 benedictus
1572 1622 1604 1678 in

199 1703 323 1762 secula.
347 1701 464 1762 Amen.
488 1700 627 1779 Explicit
651 1705 753 1779 prima
777 1717 853 1779 pars
878 1698 1044 1762 Summe«

308 1803 329 1866 1.
358 1801 561 1865 19212-2072
586 1803 779 1883 Registrum,
802 1808 854 1864 cui
879 1808 999 1866 inserta
1023 1811 1074 1866 est
1096 1807 1158 1868 alia
1181 1823 1282 1869 manu
1305 1809 1464 1882 (anepigr.)

309 1907 329 1970 1.
357 1904 560 1969 lant-mlh
591 1905 700 1986 (Petri
729 1905 976 1987 Pictaviensis)
1011 1907 1222 1988 Genealogia
1251 1909 1340 1972 Jesu
1370 1908 1503 1973 Christi
1532 1910 1604 1992 (vel

197 1993 359 2057 Historia
380 1993 507 2057 biblica
528 1993 731 2072 accurtato).
759 1993 1002 2056 »Considerans
1026 1996 1158 2058 historie
1182 2014 1274 2058 sacre
1300 1997 1535 2075 prolixitatem«
1564 2001 1602 2076 ><

202 2082 340 2142 »eodem
364 2081 417 2142 die
441 2097 508 2160 quo
532 2087 565 2142 et
587 2080 731 2142 Petrus.-

306 2187 399 2244 Vetus
423 2191 499 2259 sign.
524 2187 564 2256 M,
591 2188 641 2244 21.

305 2354 378 2437 481
657 2354 729 2430 III.
758 2355 801 2430 E.
830 2358 864 2430 6.
892 2371 937 2437 (l'.
957 2372 978 2422 Ι.
997 2375 1021 2424 2.
1041 2390 1067 2426 n.
1086 2377 1138 2436 aa.)

199 2496 391 2558 membran.
414 2513 502 2558 saec.
527 2494 584 2558 XI
586 2493 614 2556 V
620 2494 668 2577 ff.
691 2495 764 2567 132,
787 2496 833 2557 25
845 2495 931 2558 ><18
952 2513 1015 2557 cm.
1040 2497 1071 2558 d.
1096 2513 1140 2558 m.

309 2617 330 2680 1.
359 2612 478 2679 l—87b
502 2614 654 2678 'rhomae
685 2616 727 2677 de
756 2615 895 2693 Aquino
926 2616 1106 2695 opuscula
1140 2619 1325 2697 quaedam:
1357 2619 1378 2684 1.
1407 2621 1417 2682 1
1457 2622 1498 2681 de
1534 2624 1606 2682 rati·

199 2705 320 2766 onibus
343 2703 428 2776 fidei,
453 2703 474 2768 1.
498 2699 536 2763 lb
559 2703 601 2764 de
624 2702 820 2781 perfectione
844 2708 929 2764 vitae
954 2706 1138 2782 spiritualia,
1170 2705 1189 2766 1.
1215 2705 1272 2767 24·
1297 2707 1337 2766 dc
1369 2714 1460 2768 motu
1483 2707 1603 2780 cordis,

199 2791 220 2854 1.
246 2791 306 2852 25·
328 2790 369 2852 de
392 2791 548 2870 operibus
571 2791 708 2850 occultis
732 2797 877 2862 naturae,
900 2790 921 2852 1.
947 2788 1006 2851 261
1028 2791 1070 2852 de
1088 2793 1240 2866 sortibus,
1264 2792 1286 2853 1.
1310 2789 1369 2854 30δ
1392 2793 1433 2854 de
1450 2798 1604 2871 regimine

199 2881 301 2957 regni,
325 2876 346 2938 1.
369 2877 431 2940 41·
453 2876 495 2937 de
518 2877 681 2938 intellectu
704 2883 818 2937 contra
841 2877 1058 2950 Averroistas,
1094 2877 1115 2939 1.
1139 2879 1198 2940 51·
1222 2879 1262 2939 de
1286 2885 1517 2942 commixtione
1541 2882 1604 2940 ele-

199 2970 397 3038 mentorum,
420 2963 441 3024 1.
464 2962 525 3024 52·
548 2963 589 3024 de
612 2962 739 3024 iudiciis
761 2969 934 3038 astrorum,
959 2963 980 3025 1.
1004 2962 1063 3024 52b
1087 2964 1128 3026 de
1152 2969 1262 3028 anima
1284 2970 1365 3042 (non
1388 2971 1572 3046 integrum).

309 3067 331 3129 i.
354 3062 539 3129 882-1121‘
562 3071 660 3140 (initio
683 3071 767 3130 delle,
799 3071 942 3141 anepigr.)
975 3066 1195 3146 Quaestiones
1225 3075 1333 3131 variae
1357 3071 1603 3150 philosophicae

199 3159 247 3228 (in
270 3159 375 3234 prima
397 3157 514 3215 citatur
537 3153 583 3215 dr.
607 3153 780 3228 Thomas).

310 3258 331 3321 1.
359 3255 559 3320 1121-121·
593 3257 742 3319 Thomae
774 3258 815 3318 de
838 3258 968 3336 Aquino
998 3257 1172 3322 Tractatus
1203 3267 1481 3323 contractiorem
1504 3262 1603 3322 Aver-

199 3351 266 3408 rois
291 3347 331 3407 de
354 3345 517 3406 intellectu
540 3345 641 3418 (idem
663 3351 761 3424 atque
785 3349 818 3406 in
841 3344 862 3406 1.
886 3345 971 3418 41·).

310 3448 331 3510 1.
359 3443 560 3510 121·-122δ
585 3447 753 3527 Quaestio,
777 3455 884 3510 utrum
908 3450 1017 3528 plures
1041 3450 1165 3512 formae
1189 3454 1308 3514 sintin
1324 3468 1390 3513 uno
1404 3457 1599 3532 composito.

309 3552 331 3614 1.
358 3549 560 3616 122l‘—l32b
583 3550 765 3614 Tractatus
788 3552 830 3613 de
853 3551 986 3614 unitate
1024 3552 1157 3617 formae
1187 3555 1431 3617 substantialis
1462 3555 1501 3618 in
1531 3573 1604 3620 uno

200 3639 390 3702 individuo.
417 3638 601 3719 »Quoniam
633 3646 784 3700 sanctum
808 3643 860 3700 est
882 3639 1042 3701 honorare
1073 3645 1258 3703 veritatem·
1286 3643 1318 3700 >t
1344 3646 1416 3702 »cui
1439 3647 1481 3704 sit
1502 3644 1604 3721 gloria

200 3732 234 3788 in
258 3742 326 3790 sec.
350 3743 437 3787 sec«

311 3833 384 3890 Cum
408 3837 504 3891 codex
526 3834 573 3889 hic
597 3849 633 3888 ex
656 3833 773 3889 duabus
796 3835 928 3904 partibus
951 3833 981 3888 in
1005 3850 1095 3890 unum
1119 3836 1250 3891 collectis
1274 3842 1399 3902 constet,
1423 3838 1514 3892 altera
1530 3852 1598 3892 vero

200 3937 270 3995 pars
293 3920 325 3990 (1.
353 3920 470 3990 1-87)
491 3936 613 3992 prorsus
635 3922 785 3977 contineat
807 3920 955 3995 opuscula
977 3919 1106 3976 Tliomae
1121 3922 1287 3994 AquinatlS,
1313 3922 1506 3978 verisimiliter
1521 3924 1604 3979 attri-

202 4011 321 4065 buenda
342 4014 412 4064 sunt
434 4008 529 4063 eidem
552 4009 665 4063 auctori
687 4010 775 4063 etiam
798 4006 943 4063 nonnulla
965 4009 1085 4063 alterius
1108 4009 1198 4080 partis
1222 4010 1368 4080 opuscula
1391 4011 1600 4082 anepigrapha.

305 4174 392 4257 482
672 4175 744 4251 III.
773 4176 816 4251 E.
847 4177 880 4252 7.
909 4191 954 4255 (1.
974 4191 995 4243 1.
1014 4193 1038 4242 2.
1057 4207 1083 4244 n.
1102 4194 1155 4256 a.)

200 4314 390 4378 numbram
413 4333 502 4378 saec.
526 4314 596 4376 XV
610 4316 651 4398 ff.
676 4315 751 4390 173,
773 4315 917 4380 25><19
939 4334 1001 4378 cm.
1025 4317 1044 4378 1
1069 4333 1113 4377 m.

309 4436 447 4499 Thascii
470 4435 615 4500 Caecilii
637 4435 805 4516 Cypriani
829 4437 945 4517 Opera
967 4439 1155 4516 (tractatus
1178 4443 1213 4500 et
1236 4438 1430 4519 epistolae).

310 4539 331 4603 1.
359 4545 392 4602 1·
416 4540 600 4619 Registrum
624 4543 835 4606 rubricarum.

310 4627 331 4690 1.
354 4628 390 4689 2·
415 4627 508 4689 Liber
531 4627 684 4708 Cypriani
707 4630 749 4689 ad
773 4628 940 4690 Donatum
963 4630 1003 4689 de
1025 4634 1129 4707 gratia
1151 4629 1213 4691 dei.
1232 4631 1264 4687 ><
1280 4628 1300 4690 1.
1329 4629 1406 4691 173·
1422 4635 1602 4704 (absolvitur

200 4719 327 4790 epistola
349 4721 385 4775 de
408 4721 585 4790 martyribus
616 4727 644 4776 et
668 4719 901 4789 confessoribus)
938 4722 988 4777 »et
1010 4721 1113 4777 nostri
1136 4721 1335 4781 meminisse.
1360 4717 1401 4778 Et
1423 4722 1471 4779 sic
1494 4716 1605 4778 finitur

202 4802 282 4863 liber
303 4807 365 4862 iste
387 4801 546 4864 iohannis
570 4801 762 4864 Cardinalis.
785 4802 829 4863 40
850 4819 898 4880 gr.
923 4807 1032 4863 minus
1057 4802 1076 4863 2
1100 4804 1163 4863 hal.
1187 4802 1275 4866 luit«

310 4891 343 4947 ln
374 4894 544 4948 membrana
572 4894 733 4964 praeligata
762 4893 836 4949 haec
868 4899 939 4949 nota
961 4893 1125 4964 paullulum
1157 4894 1239 4949 laesa
1261 4895 1404 4950 occurrit:
1431 4893 1508 4950 »Iste
1531 4894 1604 4951 liber

201 4985 248 5032 est
269 4976 413 5034 iohannis
444 4977 611 5035 Cardinalis
634 4997 651 5035 a
674 4979 756 5036 Petro
779 4980 892 5036 Polono
915 4995 966 5052 per
987 4979 1066 5050 Mag.
1089 4979 1263 5052 Procopium
1294 4988 1438 5052 emptus.
1460 5024 1520 5042 ...
1544 4987 1604 5037 erat

881 5201 925 5251 191
