4040 5954
913 541 993 605 1156

354 744 434 828 1153
831 747 894 822 VI.
923 747 963 824 F.
990 749 1051 822 14.

240 887 436 950 membran.
459 904 546 950 saec.
570 885 664 950 XIII
683 887 727 948 in.
740 887 863 970 ff287
887 905 990 960 num,
1014 888 1091 950 2115
1102 889 1141 968 ><
1155 888 1196 952 14
1209 907 1272 952 cm.
1297 889 1329 952 d.
1353 907 1397 951 m.
1422 907 1497 952 mm
1516 892 1595 974 pict.

245 1005 388 1070 ›Flores
411 1007 600 1086 evangelii·
627 1009 704 1072 sive
726 1007 915 1072 Sermones
930 1011 973 1072 de
989 1016 1145 1088 tempore
1161 1015 1196 1074 et
1211 1010 1344 1074 sanetis
1367 1028 1447 1074 cum
1469 1013 1649 1076 nonnullis

241 1093 378 1172 glossis
401 1094 594 1158 bohemicis
619 1111 710 1158 sace.
733 1093 812 1158 XIV
835 1095 882 1156 in.

353 1215 372 1277 l.
401 1219 434 1276 1⁸
456 1219 581 1290 (rubr.:)
616 1217 790 1296 »Incipiunt
821 1215 919 1277 ssores
952 1219 1127 1296 evangelii«
1154 1267 1160 1279 .
1187 1267 1193 1280 .
1220 1263 1226 1276 .
1251 1217 1270 1278 1.
1295 1213 1375 1280 2871
1406 1219 1515 1298 (sermo
1539 1225 1567 1279 in
1593 1239 1648 1280 na·-

243 1306 323 1364 tivit.
346 1306 506 1376 virginum)
533 1311 626 1364 »ante
650 1303 766 1364 faciem
791 1307 862 1363 eius
885 1307 958 1382 ipso
981 1305 1167 1373 adiuvante,
1191 1309 1264 1383 qui«
1292 1311 1351 1366 etc.

351 1391 505 1448 Sermones
539 1393 568 1448 hi
602 1401 671 1450 sunt
705 1393 886 1450 diversorum
920 1401 1034 1465 patrum
1071 1396 1266 1466 antiquorum,
1313 1395 1470 1466 Ambrosii,
1505 1395 1646 1468 Gregorii,

242 1479 405 1550 Augustini
429 1485 483 1540 cet.
508 1477 530 1534 E
554 1487 680 1536 monast.
705 1478 894 1536 lisbonensi.

352 1660 442 1744 1154
830 1665 893 1741 VI.
920 1665 960 1740 F.
989 1665 1051 1740 15.

242 1805 355 1866 chart.
379 1822 411 1867 a.
435 1803 610 1868 1420-26
620 1804 668 1886 ff.
691 1804 757 1868 384
779 1823 883 1880 mim,
906 1805 1057 1884 22><16
1070 1821 1132 1866 cm.
1156 1806 1236 1868 im.

241 1923 457 1987 Testamenti
480 1923 619 1988 Veteris
641 1925 737 1988 libri:
761 1923 1043 2001 Proverbiorum,
1066 1924 1310 2000 Ecclesiastes
1332 1925 1519 1990 Canticum
1534 1927 1646 1990 canti·

242 2027 377 2088 corum,
400 2011 609 2090 Sapientiae,
633 2010 904 2076 Ecclesiasticus
927 2029 1009 2074 cum
1031 2013 1254 2090 expositione
1277 2013 1460 2092 marginali
1481 2020 1518 2077 et
1540 2014 1646 2077 inter·

716 2099 840 2162 lineari
863 2099 998 2162 Nicolai
1022 2099 1064 2161 de
1086 2098 1175 2162 Inita.

348 2218 369 2280 1.
398 2215 430 2280 11
458 2219 576 2282 »Istum
600 2222 770 2300 prologum
794 2224 945 2300 premittit
959 2219 1144 2282 ieronimus
1170 2271 1175 2281 .
1202 2268 1208 2282 .
1235 2271 1239 2282 .
1265 2217 1385 2298 iungat
1407 2221 1561 2300 epistola«
1585 2271 1592 2284 .
1612 2269 1644 2286 ..

349 2305 370 2366 1.
399 2305 476 2368 131·
501 2305 660 2386 »Explicit
681 2311 808 2368 cantica
830 2307 855 2370 11
877 2306 933 2368 ter.
958 2313 1035 2386 post
1057 2307 1186 2368 Andree
1209 2323 1238 2367 a.
1264 2305 1375 2368 litu«

348 2392 369 2454 1.
394 2388 475 2454 3811
501 2391 589 2454 »Hec
612 2395 709 2472 gloza
732 2393 801 2454 Lire
834 2393 925 2455 finita
947 2398 999 2455 est
1021 2393 1186 2455 dominico
1218 2398 1292 2454 ante
1323 2391 1453 2472 Georgii
1476 2411 1505 2456 a.
1530 2396 1559 2457 d.
1583 2402 1644 2460 etc.

243 2478 287 2540 26
311 2476 426 2558 (1426)
448 2487 628 2542 currente«

347 2585 379 2642 In
403 2589 540 2658 operculo
575 2603 672 2660 super.
703 2588 776 2644 baec
811 2599 881 2643 nota
915 2593 1077 2644 atramento
1112 2587 1186 2643 illita
1219 2589 1362 2644 occurrit:
1399 2587 1475 2642 »Iste
1506 2588 1579 2643 liber
1601 2595 1645 2646 est

242 2671 386 2731 SImonls
409 2674 586 2730 sacerdotis
612 2722 617 2733 .
644 2718 650 2731 .
676 2722 681 2733 .
708 2722 713 2733 .
740 2673 874 2731 custodis
899 2717 905 2730 .
932 2719 938 2732 .
964 2717 970 2730 .
996 2715 1002 2729 .
1027 2675 1135 2729 ibidem
1152 2681 1315 2746 reportatus
1338 2676 1455 2746 propria
1478 2689 1567 2730 manu
1591 2691 1644 2732 seu

241 2777 294 2832 per
317 2776 377 2818 se«
403 2760 436 2816 ln
460 2762 600 2833 operculo
622 2761 702 2816 infer.
728 2763 818 2818 haec:
846 2761 922 2816 »Iste
946 2762 1019 2816 liber
1042 2759 1265 2832 sapiencialium
1288 2759 1411 2832 pertinet
1427 2763 1464 2816 ad
1481 2759 1643 2817 Fabianum

242 2848 422 2904 bacalarium
445 2847 474 2902 in
499 2846 652 2916 Nazaret«,
684 2851 731 2904 cui
765 2854 851 2904 notae
883 2847 940 2903 alia
970 2863 1076 2904 manus
1100 2861 1178 2906 saec.
1201 2843 1257 2902 XV
1279 2847 1409 2903 addidit:
1445 2854 1492 2902 »et
1522 2855 1643 2904 mortem

242 2949 347 2993 meam.
381 2933 413 2990 Si
437 2941 543 3006 autem,
567 2937 646 3006 quod
670 2935 756 3002 absit,
787 2931 936 2990 Fabianus
967 2935 1047 3006 prius
1071 2934 1189 2989 solverit
1213 2933 1342 2990 debitum
1366 2933 1472 3004 carnis,
1504 2935 1583 3005 quod
1606 2937 1643 2992 ad

242 3036 288 3076 me
311 3026 500 3076 revertatur«
547 3019 667 3093 Utrique
699 3021 837 3092 operculo
861 3019 1076 3092 adglutinatum
1107 3028 1152 3076 est
1183 3019 1375 3090 fragmentum
1399 3020 1463 3076 iibri
1487 3020 1643 3078 cuiusdam

242 3107 403 3174 censualis,
426 3109 457 3163 in
480 3123 538 3179 quo
573 3109 691 3180 saepius
715 3109 841 3164 occurrit
875 3109 945 3163 villa
967 3105 1122 3178 Nepomuk
1145 3107 1236 3176 (saec.
1260 3104 1450 3176 xlv-xv).
1497 3105 1641 3180 Operculo

241 3193 323 3250 infer.
348 3195 508 3264 adligatum
524 3202 569 3250 est
586 3193 778 3265 fragmentum
795 3195 954 3250 membran.
972 3195 1083 3250 codicis
1100 3197 1254 3250 cuiusdam
1270 3194 1453 3264 grammatici
1469 3209 1547 3250 saec.
1564 3193 1640 3254 XIII.

347 3378 427 3460 1155
828 3381 891 3457 VI.
926 3381 965 3456 F.
997 3382 1055 3456 16.

240 3519 350 3583 chari.
375 3539 408 3582 α.
431 3519 517 3584 1117
536 3519 577 3602 ff.
600 3521 674 3594 196,
698 3521 776 3584 21¹5
787 3521 885 3600 ><15
896 3537 960 3583 cm.
982 3520 999 3582 1
1026 3537 1069 3580 m.

240 3643 428 3708 Sermones
460 3645 503 3706 de
537 3649 696 3722 ternpore
727 3649 762 3706 et
791 3643 834 3706 de
864 3642 998 3706 sanctis
1022 3660 1043 3705 a
1065 3641 1177 3720 prima
1210 3641 1385 3704 domnica
1417 3640 1453 3704 in
1488 3643 1641 3704 adventu

428 3731 608 3810 usquead
631 3730 857 3808 epiphaniam
880 3747 961 3792 eum
984 3729 1074 3791 raris
1097 3727 1226 3806 glossis
1250 3725 1452 3792 bohemicis.

344 3851 365 3913 1.
388 3847 425 3914 81
448 3851 608 3930 (Absoluto
632 3855 768 3926 registrol
804 3851 927 3913 »Prima
950 3867 1027 3930 pars
1051 3855 1145 3912 istius
1168 3851 1261 3912 libelli
1282 3853 1330 3924 (in
1353 3851 1506 3928 operculo
1531 3867 1638 3929 super.

239 3939 438 4000 inscribitur:
464 3937 568 4000 Prima
592 3957 667 4018 pars
690 3943 944 4018 comportature)
969 3937 1059 3998 linita
1088 3944 1140 3998 est
1156 3955 1212 4015 per
1234 3935 1417 4000 Nicolaum
1435 3935 1640 4016 Mnisselr(i)

240 4026 415 4105 plebanum
451 4029 482 4086 in
518 4023 693 4090 Chotikow
728 4033 805 4088 tunc
841 4025 1060 4103 presidentem
1095 4025 1232 4086 ecclesie
1264 4023 1301 4084 in
1324 4022 1421 4086 Swin
1442 4040 1472 4085 a.
1497 4025 1529 4085 d.
1558 4023 1641 4086 1411

239 4111 343 4174 XXVI
365 4113 417 4172 die
440 4112 511 4174 Iulii
537 4162 542 4174 .
569 4163 574 4174 .
602 4163 608 4176 .
633 4114 743 4174 multis
767 4123 844 4174 tunc
868 4112 1072 4172 currentibus
1096 4109 1332 4171 incommodis«
1360 4157 1366 4169 .
1393 4159 1397 4170 .
1424 4155 1431 4171 .

342 4198 362 4260 i.
387 4199 424 4259 9⁸
448 4202 545 4274 (Dom.
571 4210 637 4260 ante
662 4204 834 4270 adventum)
860 4197 964 4259 »Ecce
989 4199 1059 4258 dies
1082 4202 1216 4258 veniunt
1239 4245 1245 4258 .
1272 4247 1277 4258 .
1303 4246 1309 4258 .
1334 4194 1520 4259 Notandum
1547 4197 1638 4278 quod

239 4301 267 4344 s.
292 4291 419 4364 patres«
436 4289 467 4344 ><
482 4285 502 4347 1.
532 4283 607 4348 1961
635 4293 806 4347 »vocatum
831 4292 882 4346 est
904 4301 1025 4346 nomen
1049 4287 1121 4344 eius
1144 4282 1271 4343 Iesus«

343 4391 420 4448 Nota
442 4394 472 4449 in
496 4395 634 4465 operculo
666 4409 780 4464 super:
810 4392 956 4448 »Libellus
980 4394 1059 4452 dom.
1083 4390 1196 4447 Nicolni
1219 4391 1335 4463 plebani
1359 4389 1636 4448 Baworowiensis.«

239 4477 349 4534 Deinde
372 4479 446 4536 liber
469 4481 537 4538 bibl.
562 4481 804 4550 Rosenbergicae,
836 4487 983 4550 postremo
1005 4487 1133 4536 monast.
1157 4477 1352 4534 Tlebcnensis
1376 4477 1437 4533 fuit.

343 4679 442 4764 1156
840 4679 897 4758 VI.
924 4682 965 4757 F.
997 4679 1055 4757 II.

240 4823 348 4884 chari.
373 4840 405 4886 a.
429 4822 602 4887 1418-19
620 4823 661 4906 ff.
683 4823 759 4900 305,
780 4823 824 4886 22
838 4823 1006 4901 ><16crn
1029 4823 1047 4885 1
1066 4840 1112 4884 m.

241 4943 429 5008 Sermones
450 4945 493 5006 de
514 4950 672 5022 tempore
696 4949 731 5007 et
753 4943 887 5006 sanctis
911 4942 1061 5021 sospite
1085 4941 1204 5004 ieiunii
1226 4955 1337 5020 usque
1361 4941 1404 5002 ad
1427 4940 1639 5006 dominicam

324 5029 424 5095 Oculi
446 5049 527 5095 cum
548 5030 678 5110 glossis
703 5030 898 5093 bohemicis
929 5029 1214 5092 interlinearibus
1237 5037 1271 5093 et
1294 5028 1551 5108 marginalibus.

281 5223 433 5282 ramuli:
453 5239 506 5284 Cat.
523 5239 573 5281 eod.
588 5237 630 5280 lat.
914 5253 964 5304 435
1500 5233 1534 5286 30
