3990 5956
1046 490 1108 552 712

477 699 547 778 712
808 696 877 773 IV.
905 699 945 774 F.
975 700 1009 772 b'.
1040 716 1084 780 (r.
1104 715 1190 765 rna
1217 730 1241 764 n.
1263 713 1315 778 ιι.)

372 823 484 885 chart.
505 838 593 884 saec.
617 819 685 883 XV
695 818 746 898 ff.
769 820 843 894 281,
867 821 947 883 215
957 824 1047 884 ><15
1057 839 1121 884 cm.
1147 820 1179 882 d.
1203 839 1246 882 m.

374 941 478 1021 (Mag.
518 940 720 1006 Wenceslai
761 944 803 1004 de
847 941 1059 1023 Drachowi)
1109 943 1297 1004 Sermones
1340 940 1568 1003 dominicales
1614 956 1676 1018 per
1712 939 1775 1002 cir·

373 1029 492 1091 culum
514 1030 598 1091 anni
631 1029 811 1092 bohemica
840 1029 1209 1190 passimvsipffiplqlliapi.
1235 1022 1381 1107 (lirizam'
1401 1021 1555 1089 latinskd
1577 1043 1596 1088 s
1618 1021 1775 1105 destini

483 1222 516 1278 In
540 1224 677 1293 operculo
709 1238 805 1294 super.
836 1225 910 1279 baec
932 1231 1003 1280 nota
1025 1225 1155 1279 radendo
1178 1223 1330 1294 paululum
1352 1223 1435 1277 laesa
1458 1225 1599 1276 occurrit:
1636 1220 1777 1276 »Postilla

374 1308 450 1379 Mgri
473 1308 643 1365 Wenceslai
674 1311 711 1364 de
741 1309 888 1366 Drachow
910 1326 998 1381 super
1021 1311 1161 1382 epistolas
1184 1327 1202 1363 a
1225 1309 1299 1364 iesto
1329 1324 1418 1380 pasce
1440 1323 1534 1379 usque
1558 1311 1595 1364 ad
1617 1310 1775 1363 adventum

373 1411 425 1467 pro
445 1441 452 1454 .
472 1439 479 1452 .
500 1440 507 1453 .
526 1411 587 1450 sex.
611 1412 674 1466 gr.«
699 1396 764 1450 Hac
786 1404 866 1464 nota,
890 1412 1068 1468 quamquam
1092 1397 1189 1451 minus
1214 1403 1348 1451 accurate
1371 1395 1492 1451 titulum
1520 1396 1663 1466 exprimit,
1687 1409 1777 1463 agno·

373 1482 485 1538 seimus
510 1489 659 1537 auctorem
682 1485 780 1554 potius
811 1499 899 1556 quam
930 1499 1130 1556 possessorem
1162 1483 1236 1539 libri.
1270 1481 1327 1536 Sed
1351 1483 1495 1537 sermonis
1517 1481 1602 1552 primi
1629 1481 1776 1536 »infesto

373 1583 480 1639 pasce«
509 1569 527 1626 i.
557 1565 668 1623 1⁸--2b
692 1576 841 1624 auctorem
865 1569 957 1626 tuisse
980 1567 1186 1640 Czapkonem
1209 1571 1355 1640 quendam
1379 1565 1556 1642 (iohannem
1571 1567 1777 1638 Taboritami)

374 1661 445 1710 nota
467 1657 498 1710 in
521 1656 540 1712 f.
567 1655 622 1710 82·
643 1657 809 1714 edocemur.
833 1656 985 1728 Operculis
1009 1657 1138 1727 adligata
1153 1662 1223 1711 sunt
1238 1655 1400 1726 fragmenta
1417 1655 1537 1712 membr.
1553 1654 1684 1710 Missalis
1696 1669 1775 1709 saec.

374 1739 452 1812 XIV,
484 1743 514 1796 in
547 1758 671 1812 quorum
703 1743 793 1797 altero
828 1749 959 1799 notatum
991 1750 1035 1797 est
1057 1749 1205 1814 receptum
1237 1743 1422 1796 bohemicum
1448 1749 1570 1797 »contra
1593 1742 1777 1811 paralisim«.

372 1828 467 1883 Vetus
491 1833 566 1897 sign.
592 1827 625 1894 B,
651 1829 701 1884 25.

479 1961 551 2042 713
820 1961 888 2038 IV.
915 1964 956 2038 F.
986 1965 1018 2040 7,
1050 1980 1095 2043 (Y.
1114 1980 1135 2032 1.
1155 1981 1181 2032 2.
1198 1996 1224 2032 n.
1243 1981 1298 2040 35.)

373 2085 482 2146 chart.
504 2101 592 2145 saec.
614 2083 685 2145 XV
692 2083 738 2166 ff.
761 2085 835 2158 238,
857 2085 1068 2148 21·5><15·5
1088 2105 1150 2148 cm.
1175 2087 1205 2148 d.
1233 2103 1277 2146 m.
1302 2103 1380 2146 cum
1405 2084 1475 2146 init.
1493 2083 1572 2164 pict.

374 2205 540 2286 (Thomae
569 2203 821 2285 Eriordiensis)
855 2206 1036 2271 Tractatus
1067 2210 1109 2270 de
1139 2207 1254 2269 modis
1280 2205 1502 2296 significandi
1524 2204 1776 2269 commentario

876 2295 1051 2358 uberrimo
1074 2295 1280 2356 instructus.

484 2397 504 2456 i.
533 2397 565 2456 la
590 2399 693 2469 (incip.
725 2402 895 2471 comment.)
931 2399 1147 2477 ›Alphrabius
1178 2403 1210 2458 in
1241 2399 1321 2458 libro
1353 2398 1393 2457 de
1424 2404 1497 2458 ortu
1529 2400 1665 2458 scribit«
1693 2396 1713 2456 i.
1738 2395 1778 2454 2·

373 2486 480 2556 (incip.
504 2488 658 2552 tractatus)
686 2483 868 2561 »Quoniam
892 2491 1001 2546 autem
1025 2487 1199 2563 intelligere
1223 2492 1254 2545 et
1278 2488 1380 2545 scire«
1409 2486 1446 2559 ><
1471 2485 1492 2546 i.
1518 2483 1597 2545 238ι
1624 2483 1684 2544 »Et
1715 2484 1775 2544 hec

375 2570 415 2628 de
450 2571 662 2647 passionibus
698 2574 861 2631 sermonis
897 2571 983 2632 dicta
1020 2571 1214 2634 sufficiant«
1251 2575 1444 2646 (commentz)
1481 2577 1527 2632 »st
1558 2575 1689 2651 questio
1723 2577 1775 2630 est

374 2655 571 2734 imperfecta.
596 2657 637 2717 Et
658 2661 690 2717 in
714 2658 777 2717 hoc
801 2662 991 2718 terminatur
1013 2674 1145 2720 summa
1167 2660 1264 2718 huius
1289 2658 1384 2718 libri«

482 2762 635 2835 Operculis
664 2765 795 2834 adligata
824 2771 895 2820 sunt
924 2765 1085 2835 fragmenta
1114 2767 1275 2822 membran.
1307 2767 1419 2821 codicis
1453 2769 1606 2821 cuiusdam
1628 2766 1775 2834 ,hebraici

374 2851 466 2904 Vetus
490 2856 565 2920 sign.
588 2850 653 2907 libr.
679 2848 776 2906 Carol.
801 2851 831 2918 S,
860 2853 909 2921 14,
931 2851 967 2909 K.

478 3001 554 3082 714
816 3002 885 3076 IV.
913 3002 953 3077 F.
980 3003 1017 3076 8.
1049 3020 1095 3080 rr.
1115 3020 1135 3070 1.
1154 3021 1177 3070 2.
1197 3037 1223 3071 n.
1241 3023 1296 3086 39.)

374 3125 483 3185 chart.
507 3142 539 3186 a.
562 3123 779 3186 1456-1458
798 3125 837 3206 ff.
859 3124 921 3187 241
945 3143 1050 3199 num„
1071 3127 1355 3190 21·5><15·5cm.
1380 3127 1411 3187 d.
1435 3145 1481 3188 m.
1505 3143 1582 3186 cum
1606 3127 1676 3187 init.
1696 3127 1776 3206 pict.

483 3245 502 3306 i.
532 3242 668 3306 1³--38b
691 3244 925 3324 Quaestiones
937 3262 1044 3324 super
1058 3246 1352 3310 Praedicabilibus
1368 3247 1563 3326 Porphyrii.
1583 3245 1696 3310 ·Circa
1718 3253 1776 3309 ini-

375 3336 461 3392 cium
496 3333 563 3391 iibri
600 3332 717 3409 predic.
755 3332 890 3411 Porpb.«
919 3333 958 3410 ><
985 3332 1045 3393 »Et
1068 3337 1114 3394 sic
1138 3335 1277 3396 habetur
1299 3339 1433 3395 materia
1455 3351 1676 3413 ysagogarum
1701 3334 1776 3396 Por-

375 3421 475 3498 prnrn.
501 3418 549 3478 Fit
570 3418 675 3480 finis..

484 3506 505 3567 i.
528 3502 692 3566 39³-70b
715 3504 950 3584 Quaestiones
974 3522 1081 3583 super
1103 3506 1401 3570 Praedicamentis
1424 3507 1635 3570 Aristotelis.
1665 3507 1776 3570 »Circa

375 3597 507 3653 inicium
532 3593 600 3653 libri
625 3592 746 3654 Fredic.
771 3592 903 3654 Aristot.
928 3599 1079 3654 movetur
1102 3598 1206 3672 primo
1229 3598 1358 3673 questio
1382 3595 1473 3655 talis«
1501 3595 1540 3672 ><
1569 3594 1627 3656 »Et
1650 3596 1710 3657 hec
1735 3597 1775 3656 de

376 3683 546 3758 questione
571 3685 602 3739 et
625 3696 683 3758 per
704 3696 915 3759 consequens
939 3681 980 3740 de
1004 3686 1071 3740 toto
1096 3681 1174 3742 libro
1199 3681 1515 3760 predicamentorum
1539 3683 1635 3744 Arist.
1654 3681 1777 3744 Finitus

375 3771 408 3827 in
431 3771 549 3827 octava
572 3784 599 3827 s.
624 3764 771 3844 Gregorii
793 3783 850 3844 per
873 3782 925 3827 me
948 3766 1168 3845 martinum)
1190 3768 1232 3829 de
1256 3766 1448 3846 Gilatovia)
1471 3769 1638 3830 sabbato«

483 3853 503 3912 i.
529 3852 689 3914 712—802
721 3851 954 3931 Quaestiones
977 3871 1084 3932 super
1106 3853 1176 3916 Sex
1197 3853 1379 3932 principiis
1411 3854 1556 3918 Gilberti
1584 3854 1775 3918 Porretani.

379 3938 493 4001 »Circa
522 3943 653 4000 inicium
685 3957 745 4000 sex
769 3943 902 4018 princip.
927 3940 1077 4002 Poretani
1112 3945 1276 4019 episcopi«
1305 3944 1343 4018 ><
1371 3943 1430 4003 »Et
1452 3943 1514 4003 hec
1538 3943 1578 4002 de
1602 3947 1774 4020 questione

375 4033 407 4086 et
429 4042 486 4104 per
508 4042 718 4105 consequens
742 4027 782 4086 de
806 4032 874 4087 toto
909 4027 988 4087 libro
1019 4044 1079 4088 sex
1110 4032 1210 4106 princ.
1242 4027 1374 4089 Gilberti
1406 4033 1506 4108 episc.
1543 4028 1701 4092 Poretani.
1724 4035 1777 4092 cui

375 4114 450 4175 finis
472 4116 646 4190 impositus
669 4119 721 4173 est
743 4118 775 4174 in
798 4114 906 4191 vigilia
927 4119 1197 4175 annunciacionis
1229 4132 1255 4174 s.
1280 4114 1381 4176 Marie
1412 4133 1441 4178 a.
1466 4117 1498 4180 d.
1524 4112 1607 4178 1456
1641 4135 1699 4194 per
1721 4134 1774 4178 me

375 4199 564 4262 Martinum
588 4201 630 4260 de
653 4198 815 4262 Glatovia
843 4204 980 4278 protunc
1004 4205 1036 4261 in
1060 4201 1195 4280 collegio
1213 4199 1359 4264 Carotli«

484 4286 504 4345 i.
529 4281 692 4348 soh-85¹²
723 4286 957 4366 Quaestiones
988 4303 1095 4364 super
1124 4287 1212 4349 libro
1243 4287 1458 4351 divisionum
1481 4287 1778 4353 Boethii.'»Circa

375 4375 505 4434 inicium
530 4374 597 4434 libri
622 4374 714 4434 divis
740 4373 873 4434 Bohecii
896 4380 1045 4435 movetur
1067 4379 1171 4453 primo
1194 4381 1341 4456 questio«
1363 4379 1401 4453 ><
1422 4375 1481 4438 »Et
1503 4377 1564 4438 hec
1588 4377 1628 4437 de
1655 4383 1777 4457 questi·

376 4476 457 4521 one«
485 4467 545 4521 etc.

483 4546 503 4608 i.
528 4543 712 4608 86“-108ὴ
736 4547 970 4627 Quaestiones
993 4564 1100 4626 super
1123 4548 1222 4610 libris
1252 4549 1529 4622 perihermenias
1563 4549 1775 4612 Aristotelis.

379 4636 431 4697 »ln
464 4637 619 4713 principio
654 4634 721 4694 libri
756 4639 1018 4714 peryermenias«
1047 4637 1086 4713 ><
1115 4635 1173 4696 »Et
1206 4637 1267 4697 hec
1309 4637 1350 4697 de
1387 4642 1559 4716 questione
1586 4685 1592 4698 .
1618 4685 1623 4698 .
1651 4687 1656 4698 .
1692 4638 1778 4700 dicta

376 4721 567 4783 sufficiant«

484 4807 504 4868 i.
534 4802 735 4869 mili-143b
771 4806 1005 4886 Quaestiones
1040 4825 1147 4887 super
1171 4808 1331 4872 Priorum
1357 4810 1616 4889 analyticorum
1641 4811 1776 4874 Aristo·

376 4894 466 4956 telis,
495 4893 607 4956 »Circa
629 4898 760 4956 inicium
785 4897 877 4973 primi
902 4896 969 4956 libri
994 4899 1157 4974 priorum«
1183 4896 1223 4974 ><
1251 4895 1310 4958 »Et
1332 4897 1394 4958 hec
1419 4898 1459 4958 de
1485 4902 1657 4977 questione
1674 4906 1705 4959 et
1721 4915 1778 4977 per

376 4998 588 5061 consequens
617 4981 659 5042 de
683 4986 751 5042 toto
774 4981 804 5043 2.
828 4982 909 5042 libro
934 4987 1076 5061 priorum
1100 5001 1128 5044 a.
1154 4983 1184 5044 d.
1212 4981 1313 5044 1458«
1340 5030 1348 5045 .
1372 5030 1381 5045 .
1405 5030 1413 5043 .

1052 5207 1103 5257 284
